@ARTICLE{1971MNRAS.152...75H,
       author = {{Hawking}, Stephen},
        title = "{Gravitationally collapsed objects of very low mass}",
      journal = {\mnras},
         year = 1971,
        month = jan,
       volume = {152},
        pages = {75},
          doi = {10.1093/mnras/152.1.75},
       adsurl = {https://ui.adsabs.harvard.edu/abs/1971MNRAS.152...75H},
      adsnote = {Provided by the SAO/NASA Astrophysics Data System}
}


@online{Cirelli,
    Author = {Marco Cirelli},
    Title  = {Dark Matter phenomenology},
    note   = {\url{http://www.marcocirelli.net/talks/lecturenotesIPhT.pdf}},
    year   = {2018}
}


@article{Rubin:1970zza,
    author = "Rubin, Vera C. and Ford, Jr., W. Kent",
    title = "{Rotation of the Andromeda Nebula from a Spectroscopic Survey of Emission Regions}",
    doi = "10.1086/150317",
    journal = "Astrophys. J.",
    volume = "159",
    pages = "379--403",
    year = "1970"
}
@ARTICLE{1937ApJ....86..217Z,
       author = {{Zwicky}, F.},
        title = "{On the Masses of Nebulae and of Clusters of Nebulae}",
      journal = {\apj},
         year = 1937,
        month = oct,
       volume = {86},
        pages = {217},
          doi = {10.1086/143864},
       adsurl = {https://ui.adsabs.harvard.edu/abs/1937ApJ....86..217Z},
      adsnote = {Provided by the SAO/NASA Astrophysics Data System}
}

@ARTICLE{1975ApJ...201....1C,
       author = {{Carr}, B.~J.},
        title = "{The primordial black hole mass spectrum.}",
      journal = {\apj},
     keywords = {Astronomical Models, Black Holes (Astronomy), Cosmology, Mass Spectra, Density (Mass/Volume), Galactic Clusters, Perturbation Theory, Universe, Astrophysics},
         year = 1975,
        month = oct,
       volume = {201},
        pages = {1-19},
          doi = {10.1086/153853},
       adsurl = {https://ui.adsabs.harvard.edu/abs/1975ApJ...201....1C},
      adsnote = {Provided by the SAO/NASA Astrophysics Data System}
}

@article{Sasaki_2018,
	doi = {10.1088/1361-6382/aaa7b4},
  
	url = {https://doi.org/10.1088%2F1361-6382%2Faaa7b4},
  
	year = 2018,
	month = {feb},
  
	publisher = {{IOP} Publishing},
  
	volume = {35},
  
	number = {6},
  
	pages = {063001},
  
	author = {Misao Sasaki and Teruaki Suyama and Takahiro Tanaka and Shuichiro Yokoyama},
  
	title = {Primordial black holes{\textemdash}perspectives in gravitational wave astronomy},
  
	journal = {Classical and Quantum Gravity}
}}
@article{Harada_2015,
	doi = {10.1103/physrevd.91.084057},
  
	url = {https://doi.org/10.1103%2Fphysrevd.91.084057},
  
	year = 2015,
	month = {apr},
  
	publisher = {American Physical Society ({APS})},
  
	volume = {91},
  
	number = {8},
  
	author = {Tomohiro Harada and Chul-Moon Yoo and Tomohiro Nakama and Yasutaka Koga},
  
	title = {Cosmological long-wavelength solutions and primordial black hole formation},
  
	journal = {Physical Review D}
}}
@article{Harada_2013,
	doi = {10.1103/physrevd.88.084051},
  
	url = {https://doi.org/10.1103%2Fphysrevd.88.084051},
  
	year = 2013,
	month = {oct},
  
	publisher = {American Physical Society ({APS})},
  
	volume = {88},
  
	number = {8},
  
	author = {Tomohiro Harada and Chul-Moon Yoo and Kazunori Kohri},
  
	title = {Threshold of primordial black hole formation},
  
	journal = {Physical Review D}
}}
@article{Shibata_1999,
	doi = {10.1103/physrevd.60.084002},
  
	url = {https://doi.org/10.1103%2Fphysrevd.60.084002},
  
	year = 1999,
	month = {sep},
  
	publisher = {American Physical Society ({APS})},
  
	volume = {60},
  
	number = {8},
  
	author = {Masaru Shibata and Misao Sasaki},
  
	title = {Black hole formation in the Friedmann universe: Formulation and computation in numerical relativity},
  
	journal = {Physical Review D}
}}
@article{Polnarev:2006aa,
    author = "Polnarev, Alexander G. and Musco, Ilia",
    title = "{Curvature profiles as initial conditions for primordial black hole formation}",
    eprint = "gr-qc/0605122",
    archivePrefix = "arXiv",
    doi = "10.1088/0264-9381/24/6/003",
    journal = "Class. Quant. Grav.",
    volume = "24",
    pages = "1405--1432",
    year = "2007"
}
@article{Lyth_2005,
	doi = {10.1088/1475-7516/2005/05/004},
  
	url = {https://doi.org/10.1088%2F1475-7516%2F2005%2F05%2F004},
  
	year = 2005,
	month = {may},
  
	publisher = {{IOP} Publishing},
  
	volume = {2005},
  
	number = {05},
  
	pages = {004--004},
  
	author = {David H Lyth and Karim A Malik and Misao Sasaki},
  
	title = {A general proof of the conservation of the curvature perturbation},
  
	journal = {Journal of Cosmology and Astroparticle Physics}
}}
@article{PhysRevD.70.041502,
  title = {New calculation of the mass fraction of primordial black holes},
  author = {Green, Anne M. and Liddle, Andrew R. and Malik, Karim A. and Sasaki, Misao},
  journal = {Phys. Rev. D},
  volume = {70},
  issue = {4},
  pages = {041502},
  numpages = {5},
  year = {2004},
  month = {Aug},
  publisher = {American Physical Society},
  doi = {10.1103/PhysRevD.70.041502},
  url = {https://link.aps.org/doi/10.1103/PhysRevD.70.041502}
}

@article{K_hnel_2016,
	doi = {10.1140/epjc/s10052-016-3945-8},
  
	url = {https://doi.org/10.1140%2Fepjc%2Fs10052-016-3945-8},
  
	year = 2016,
	month = {feb},
  
	publisher = {Springer Science and Business Media {LLC}
},
  
	volume = {76},
  
	number = {2},
  
	author = {Florian KÃ¼hnel and Cornelius Rampf and Marit Sandstad},
  
	title = {Effects of critical collapse on primordial black-hole mass spectra},
  
	journal = {The European Physical Journal C}
}}
@article{PhysRevD.81.104019,
  title = {New cosmological constraints on primordial black holes},
  author = {Carr, B. J. and Kohri, Kazunori and Sendouda, Yuuiti and Yokoyama, Jun'ichi},
  journal = {Phys. Rev. D},
  volume = {81},
  issue = {10},
  pages = {104019},
  numpages = {33},
  year = {2010},
  month = {May},
  publisher = {American Physical Society},
  doi = {10.1103/PhysRevD.81.104019},
  url = {https://link.aps.org/doi/10.1103/PhysRevD.81.104019}
}
@article{Carr:2016drx,
    author = "Carr, Bernard and Kuhnel, Florian and Sandstad, Marit",
    title = "{Primordial Black Holes as Dark Matter}",
    eprint = "1607.06077",
    archivePrefix = "arXiv",
    primaryClass = "astro-ph.CO",
    reportNumber = "NORDITA-2016-83",
    doi = "10.1103/PhysRevD.94.083504",
    journal = "Phys. Rev. D",
    volume = "94",
    number = "8",
    pages = "083504",
    year = "2016"
}

@article{Musco_2013,
	doi = {10.1088/0264-9381/30/14/145009},
  
	url = {https://doi.org/10.1088%2F0264-9381%2F30%2F14%2F145009},
  
	year = 2013,
	month = {jun},
  
	publisher = {{IOP} Publishing},
  
	volume = {30},
  
	number = {14},
  
	pages = {145009},
  
	author = {Ilia Musco and John C Miller},
  
	title = {Primordial black hole formation in the early universe: critical behaviour and self-similarity},
  
	journal = {Classical and Quantum Gravity}
}}
@article{Musco:2018rwt,
    author = "Musco, Ilia",
    title = "{Threshold for primordial black holes: Dependence on the shape of the cosmological perturbations}",
    eprint = "1809.02127",
    archivePrefix = "arXiv",
    primaryClass = "gr-qc",
    doi = "10.1103/PhysRevD.100.123524",
    journal = "Phys. Rev. D",
    volume = "100",
    number = "12",
    pages = "123524",
    year = "2019"
}
@article{Bartolo_2004,
	doi = {10.1016/j.physrep.2004.08.022},
  
	url = {https://doi.org/10.1016%2Fj.physrep.2004.08.022},
  
	year = 2004,
	month = {nov},
  
	publisher = {Elsevier {BV}
},
  
	volume = {402},
  
	number = {3-4},
  
	pages = {103--266},
  
	author = {N. Bartolo and E. Komatsu and S. Matarrese and A. Riotto},
  
	title = {Non-Gaussianity from inflation: theory and observations},
  
	journal = {Physics Reports}
}}
@ARTICLE{2016PhRvL.116t1301B,
       author = {{Bird}, Simeon and {Cholis}, Ilias and {Mu{\~n}oz}, Julian B. and {Ali-Ha{\"\i}moud}, Yacine and {Kamionkowski}, Marc and {Kovetz}, Ely D. and {Raccanelli}, Alvise and {Riess}, Adam G.},
        title = "{Did LIGO Detect Dark Matter?}",
      journal = {\prl},
     keywords = {Astrophysics - Cosmology and Nongalactic Astrophysics, High Energy Physics - Phenomenology},
         year = 2016,
        month = may,
       volume = {116},
       number = {20},
          eid = {201301},
        pages = {201301},
          doi = {10.1103/PhysRevLett.116.201301},
archivePrefix = {arXiv},
       eprint = {1603.00464},
 primaryClass = {astro-ph.CO},
       adsurl = {https://ui.adsabs.harvard.edu/abs/2016PhRvL.116t1301B},
      adsnote = {Provided by the SAO/NASA Astrophysics Data System}
}


@misc{baumann2012tasi,
      title={TASI Lectures on Inflation}, 
      author={Daniel Baumann},
      year={2012},
      eprint={0907.5424},
      archivePrefix={arXiv},
      primaryClass={hep-th}
}

@ARTICLE{1974ApJ...187..425P,
       author = {{Press}, William H. and {Schechter}, Paul},
        title = "{Formation of Galaxies and Clusters of Galaxies by Self-Similar Gravitational Condensation}",
      journal = {\apj},
         year = 1974,
        month = feb,
       volume = {187},
        pages = {425-438},
          doi = {10.1086/152650},
       adsurl = {https://ui.adsabs.harvard.edu/abs/1974ApJ...187..425P},
      adsnote = {Provided by the SAO/NASA Astrophysics Data System}
}

@ARTICLE{1986ApJ...304...15B,
       author = {{Bardeen}, J.~M. and {Bond}, J.~R. and {Kaiser}, N. and {Szalay}, A.~S.},
        title = "{The Statistics of Peaks of Gaussian Random Fields}",
      journal = {\apj},
     keywords = {Cosmology, Density Distribution, Galactic Clusters, Galactic Evolution, Random Processes, Statistical Analysis, Density (Number/Volume), Mass Distribution, Mass To Light Ratios, Maxima, Missing Mass (Astrophysics), Probability Distribution Functions, Red Shift, Statistical Correlation, Velocity Distribution, Astrophysics, EARLY UNIVERSE, GALAXIES: CLUSTERING, GALAXIES: FORMATION},
         year = 1986,
        month = may,
       volume = {304},
        pages = {15},
          doi = {10.1086/164143},
       adsurl = {https://ui.adsabs.harvard.edu/abs/1986ApJ...304...15B},
      adsnote = {Provided by the SAO/NASA Astrophysics Data System}
}

@article{Young_2014,
	doi = {10.1088/1475-7516/2014/07/045},
  
	url = {https://doi.org/10.1088%2F1475-7516%2F2014%2F07%2F045},
  
	year = 2014,
	month = {jul},
  
	publisher = {{IOP} Publishing},
  
	volume = {2014},
  
	number = {07},
  
	pages = {045--045},
  
	author = {Sam Young and Christian T. Byrnes and Misao Sasaki},
  
	title = {Calculating the mass fraction of primordial black holes},
  
	journal = {Journal of Cosmology and Astroparticle Physics}
}}
@BOOK{2000cils.book.....L,
       author = {{Liddle}, Andrew R. and {Lyth}, David H.},
        title = "{Cosmological Inflation and Large-Scale Structure}",
         year = 2000,
       adsurl = {https://ui.adsabs.harvard.edu/abs/2000cils.book.....L},
      adsnote = {Provided by the SAO/NASA Astrophysics Data System}
}
@book{Dodelson:2003ft,
    author = "Dodelson, Scott",
    title = "{Modern Cosmology}",
    isbn = "978-0-12-219141-1",
    publisher = "Academic Press",
    address = "Amsterdam",
    year = "2003"
}
@article{Kasuya_2009,
	doi = {10.1103/physrevd.80.023516},
  
	url = {https://doi.org/10.1103%2Fphysrevd.80.023516},
  
	year = 2009,
	month = {jul},
  
	publisher = {American Physical Society ({APS})},
  
	volume = {80},
  
	number = {2},
  
	author = {Shinta Kasuya and Masahiro Kawasaki},
  
	title = {Axion isocurvature fluctuations with extremely blue spectrum},
  
	journal = {Physical Review D}
}}
@article{Yokoyama:1998xd,
    author = "Yokoyama, Jun'ichi",
    title = "{Cosmological constraints on primordial black holes produced in the near critical gravitational collapse}",
    eprint = "gr-qc/9804041",
    archivePrefix = "arXiv",
    reportNumber = "YITP-98-23, SU-ITP-98-18",
    doi = "10.1103/PhysRevD.58.107502",
    journal = "Phys. Rev. D",
    volume = "58",
    pages = "107502",
    year = "1998"
}
@article{Planck:2015fie,
    author = "Ade, P. A. R. and others",
    collaboration = "Planck",
    title = "{Planck 2015 results. XIII. Cosmological parameters}",
    eprint = "1502.01589",
    archivePrefix = "arXiv",
    primaryClass = "astro-ph.CO",
    doi = "10.1051/0004-6361/201525830",
    journal = "Astron. Astrophys.",
    volume = "594",
    pages = "A13",
    year = "2016"
}
@article{PhysRevD.92.023524,
  title = {Massive primordial black holes from hybrid inflation as dark matter and the seeds of galaxies},
  author = {Clesse, S\'ebastien and Garc\'{\i}a-Bellido, Juan},
  journal = {Phys. Rev. D},
  volume = {92},
  issue = {2},
  pages = {023524},
  numpages = {17},
  year = {2015},
  month = {Jul},
  publisher = {American Physical Society},
  doi = {10.1103/PhysRevD.92.023524},
  url = {https://link.aps.org/doi/10.1103/PhysRevD.92.023524}
}
@article{PhysRevD.54.6040,
  title = {Density perturbations and black hole formation in hybrid inflation},
  author = {Garc\'{\i}a-Bellido, Juan and Linde, Andrei and Wands, David},
  journal = {Phys. Rev. D},
  volume = {54},
  issue = {10},
  pages = {6040--6058},
  numpages = {0},
  year = {1996},
  month = {Nov},
  publisher = {American Physical Society},
  doi = {10.1103/PhysRevD.54.6040},
  url = {https://link.aps.org/doi/10.1103/PhysRevD.54.6040}
}
@article{PhysRevD.87.063519,
  title = {Primordial black hole formation from an axionlike curvaton model},
  author = {Kawasaki, Masahiro and Kitajima, Naoya and Yanagida, Tsutomu T.},
  journal = {Phys. Rev. D},
  volume = {87},
  issue = {6},
  pages = {063519},
  numpages = {9},
  year = {2013},
  month = {Mar},
  publisher = {American Physical Society},
  doi = {10.1103/PhysRevD.87.063519},
  url = {https://link.aps.org/doi/10.1103/PhysRevD.87.063519}
}
@article{Kuhnel:2016exn,
    author = {K\"uhnel, Florian and Sandstad, Marit},
    title = "{Ellipsoidal collapse and primordial black hole formation}",
    eprint = "1602.04815",
    archivePrefix = "arXiv",
    primaryClass = "astro-ph.CO",
    reportNumber = "NORDITA-2016-14",
    doi = "10.1103/PhysRevD.94.063514",
    journal = "Phys. Rev. D",
    volume = "94",
    number = "6",
    pages = "063514",
    year = "2016"
}
@article{Green:2020jor,
    author = "Green, Anne M. and Kavanagh, Bradley J.",
    title = "{Primordial Black Holes as a dark matter candidate}",
    eprint = "2007.10722",
    archivePrefix = "arXiv",
    primaryClass = "astro-ph.CO",
    doi = "10.1088/1361-6471/abc534",
    journal = "J. Phys. G",
    volume = "48",
    number = "4",
    pages = "043001",
    year = "2021"
}
@article{Carr:2020xqk,
    author = "Carr, Bernard and Kuhnel, Florian",
    title = "{Primordial Black Holes as Dark Matter: Recent Developments}",
    eprint = "2006.02838",
    archivePrefix = "arXiv",
    primaryClass = "astro-ph.CO",
    doi = "10.1146/annurev-nucl-050520-125911",
    journal = "Ann. Rev. Nucl. Part. Sci.",
    volume = "70",
    pages = "355--394",
    year = "2020"
}

@article{Carr:2019kxo,
    author = {Carr, Bernard and Clesse, Sebastien and Garc\'\i{}a-Bellido, Juan and K\"uhnel, Florian},
    title = "{Cosmic conundra explained by thermal history and primordial black holes}",
    eprint = "1906.08217",
    archivePrefix = "arXiv",
    primaryClass = "astro-ph.CO",
    doi = "10.1016/j.dark.2020.100755",
    journal = "Phys. Dark Univ.",
    volume = "31",
    pages = "100755",
    year = "2021"
}
@article{Carr:2017jsz,
    author = {Carr, Bernard and Raidal, Martti and Tenkanen, Tommi and Vaskonen, Ville and Veerm\"ae, Hardi},
    title = "{Primordial black hole constraints for extended mass functions}",
    eprint = "1705.05567",
    archivePrefix = "arXiv",
    primaryClass = "astro-ph.CO",
    doi = "10.1103/PhysRevD.96.023514",
    journal = "Phys. Rev. D",
    volume = "96",
    number = "2",
    pages = "023514",
    year = "2017"
}
@article{Green:2016xgy,
    author = "Green, Anne M.",
    title = "{Microlensing and dynamical constraints on primordial black hole dark matter with an extended mass function}",
    eprint = "1609.01143",
    archivePrefix = "arXiv",
    primaryClass = "astro-ph.CO",
    doi = "10.1103/PhysRevD.94.063530",
    journal = "Phys. Rev. D",
    volume = "94",
    number = "6",
    pages = "063530",
    year = "2016"
}
@article{Franciolini:2018vbk,
    author = "Franciolini, G. and Kehagias, A. and Matarrese, S. and Riotto, A.",
    title = "{Primordial Black Holes from Inflation and non-Gaussianity}",
    eprint = "1801.09415",
    archivePrefix = "arXiv",
    primaryClass = "astro-ph.CO",
    doi = "10.1088/1475-7516/2018/03/016",
    journal = "JCAP",
    volume = "03",
    pages = "016",
    year = "2018"
}
@article{Matarrese:1986et,
    author = "Matarrese, Sabino and Lucchin, Francesco and Bonometto, Silvio A.",
    title = "{A PATH INTEGRAL APPROACH TO LARGE SCALE MATTER DISTRIBUTION ORIGINATED BY NONGAUSSIAN FLUCTUATIONS}",
    reportNumber = "SISSA-41-86-EP",
    doi = "10.1086/184774",
    journal = "Astrophys. J. Lett.",
    volume = "310",
    pages = "L21--L26",
    year = "1986"
}
@article{Motohashi:2017kbs,
    author = "Motohashi, Hayato and Hu, Wayne",
    title = "{Primordial Black Holes and Slow-Roll Violation}",
    eprint = "1706.06784",
    archivePrefix = "arXiv",
    primaryClass = "astro-ph.CO",
    doi = "10.1103/PhysRevD.96.063503",
    journal = "Phys. Rev. D",
    volume = "96",
    number = "6",
    pages = "063503",
    year = "2017"
}
@article{Bellomo:2017zsr,
    author = "Bellomo, Nicola and Bernal, Jos\'e Luis and Raccanelli, Alvise and Verde, Licia",
    title = "{Primordial Black Holes as Dark Matter: Converting Constraints from Monochromatic to Extended Mass Distributions}",
    eprint = "1709.07467",
    archivePrefix = "arXiv",
    primaryClass = "astro-ph.CO",
    doi = "10.1088/1475-7516/2018/01/004",
    journal = "JCAP",
    volume = "01",
    pages = "004",
    year = "2018"
}

@article{Kalaja:2019uju,
    author = "Kalaja, Alba and Bellomo, Nicola and Bartolo, Nicola and Bertacca, Daniele and Matarrese, Sabino and Musco, Ilia and Raccanelli, Alvise and Verde, Licia",
    title = "{From Primordial Black Holes Abundance to Primordial Curvature Power Spectrum (and back)}",
    eprint = "1908.03596",
    archivePrefix = "arXiv",
    primaryClass = "astro-ph.CO",
    doi = "10.1088/1475-7516/2019/10/031",
    journal = "JCAP",
    volume = "10",
    pages = "031",
    year = "2019"
}

@ARTICLE{1974Natur.248...30H,
       author = {{Hawking}, S.~W.},
        title = "{Black hole explosions?}",
      journal = {\nat},
         year = 1974,
        month = mar,
       volume = {248},
       number = {5443},
        pages = {30-31},
          doi = {10.1038/248030a0},
       adsurl = {https://ui.adsabs.harvard.edu/abs/1974Natur.248...30H},
      adsnote = {Provided by the SAO/NASA Astrophysics Data System}
}

@article{Hawking:1975vcx,
    author = "Hawking, S. W.",
    editor = "Gibbons, G. W. and Hawking, S. W.",
    title = "{Particle Creation by Black Holes}",
    doi = "10.1007/BF02345020",
    journal = "Commun. Math. Phys.",
    volume = "43",
    pages = "199--220",
    year = "1975",
    note = "[Erratum: Commun.Math.Phys. 46, 206 (1976)]"
}
@article{LIGOScientific:2016sjg,
    author = "Abbott, B. P. and others",
    collaboration = "LIGO Scientific, Virgo",
    title = "{GW151226: Observation of Gravitational Waves from a 22-Solar-Mass Binary Black Hole Coalescence}",
    eprint = "1606.04855",
    archivePrefix = "arXiv",
    primaryClass = "gr-qc",
    reportNumber = "LIGO-P151226",
    doi = "10.1103/PhysRevLett.116.241103",
    journal = "Phys. Rev. Lett.",
    volume = "116",
    number = "24",
    pages = "241103",
    year = "2016"
}
@article{LIGOScientific:2017vox,
    author = "Abbott, B. . P. . and others",
    collaboration = "LIGO Scientific, Virgo",
    title = "{GW170608: Observation of a 19-solar-mass Binary Black Hole Coalescence}",
    eprint = "1711.05578",
    archivePrefix = "arXiv",
    primaryClass = "astro-ph.HE",
    reportNumber = "LIGO-DOCUMENT-P170608-V8",
    doi = "10.3847/2041-8213/aa9f0c",
    journal = "Astrophys. J. Lett.",
    volume = "851",
    pages = "L35",
    year = "2017"
}
@article{LIGOScientific:2017bnn,
    author = "Abbott, Benjamin P. and others",
    collaboration = "LIGO Scientific, VIRGO",
    title = "{GW170104: Observation of a 50-Solar-Mass Binary Black Hole Coalescence at Redshift 0.2}",
    eprint = "1706.01812",
    archivePrefix = "arXiv",
    primaryClass = "gr-qc",
    reportNumber = "LIGO-P170104",
    doi = "10.1103/PhysRevLett.118.221101",
    journal = "Phys. Rev. Lett.",
    volume = "118",
    number = "22",
    pages = "221101",
    year = "2017",
    note = "[Erratum: Phys.Rev.Lett. 121, 129901 (2018)]"
}
@article{Nakamura:1997sm,
    author = "Nakamura, Takashi and Sasaki, Misao and Tanaka, Takahiro and Thorne, Kip S.",
    title = "{Gravitational waves from coalescing black hole MACHO binaries}",
    eprint = "astro-ph/9708060",
    archivePrefix = "arXiv",
    reportNumber = "YITP-97-17, OU-TAP-60, GRP-479",
    doi = "10.1086/310886",
    journal = "Astrophys. J. Lett.",
    volume = "487",
    pages = "L139--L142",
    year = "1997"
}
@article{Ioka:1998nz,
    author = "Ioka, Kunihito and Chiba, Takeshi and Tanaka, Takahiro and Nakamura, Takashi",
    title = "{Black hole binary formation in the expanding universe: Three body problem approximation}",
    eprint = "astro-ph/9807018",
    archivePrefix = "arXiv",
    reportNumber = "KUNS-1493, YITP-98-13",
    doi = "10.1103/PhysRevD.58.063003",
    journal = "Phys. Rev. D",
    volume = "58",
    pages = "063003",
    year = "1998"
}
@article{PhysRevD.98.023536,
  title = {Merger rate of a subdominant population of primordial black holes},
  author = {Kavanagh, Bradley J. and Gaggero, Daniele and Bertone, Gianfranco},
  journal = {Phys. Rev. D},
  volume = {98},
  issue = {2},
  pages = {023536},
  numpages = {14},
  year = {2018},
  month = {Jul},
  publisher = {American Physical Society},
  doi = {10.1103/PhysRevD.98.023536},
  url = {https://link.aps.org/doi/10.1103/PhysRevD.98.023536}
}
@article{PhysRevD.96.123523,
  title = {Merger rate of primordial black-hole binaries},
  author = {Ali-Ha\"{\i}moud, Yacine and Kovetz, Ely D. and Kamionkowski, Marc},
  journal = {Phys. Rev. D},
  volume = {96},
  issue = {12},
  pages = {123523},
  numpages = {18},
  year = {2017},
  month = {Dec},
  publisher = {American Physical Society},
  doi = {10.1103/PhysRevD.96.123523},
  url = {https://link.aps.org/doi/10.1103/PhysRevD.96.123523}
}
@article{Ioka:1998gf,
    author = "Ioka, Kunihito and Tanaka, Takahiro and Nakamura, Takashi",
    title = "{Low frequency gravitational waves from black hole MACHO binaries}",
    eprint = "astro-ph/9809395",
    archivePrefix = "arXiv",
    reportNumber = "KUNS-1533, OU-TAP-84, YITP-98-65",
    doi = "10.1103/PhysRevD.60.083512",
    journal = "Phys. Rev. D",
    volume = "60",
    pages = "083512",
    year = "1999"
}
@article{Chisholm:2005vm,
    author = "Chisholm, James R.",
    title = "{Clustering of primordial black holes: basic results}",
    eprint = "astro-ph/0509141",
    archivePrefix = "arXiv",
    doi = "10.1103/PhysRevD.73.083504",
    journal = "Phys. Rev. D",
    volume = "73",
    pages = "083504",
    year = "2006"
}
@article{Young:2020scc,
    author = "Young, Sam and Hamers, Adrian S.",
    title = "{The impact on distant fly-bys on the rate of binary primordial black hole mergers}",
    eprint = "2006.15023",
    archivePrefix = "arXiv",
    primaryClass = "astro-ph.CO",
    doi = "10.1088/1475-7516/2020/10/036",
    journal = "JCAP",
    volume = "10",
    pages = "036",
    year = "2020"
}
@article{LIGOScientific:2019kan,
    author = "Abbott, B. P. and others",
    collaboration = "LIGO Scientific, Virgo",
    title = "{Search for Subsolar Mass Ultracompact Binaries in Advanced LIGO\textquoteright{}s Second Observing Run}",
    eprint = "1904.08976",
    archivePrefix = "arXiv",
    primaryClass = "astro-ph.CO",
    reportNumber = "LIGO-P1900037",
    doi = "10.1103/PhysRevLett.123.161102",
    journal = "Phys. Rev. Lett.",
    volume = "123",
    number = "16",
    pages = "161102",
    year = "2019"
}
@article{Raccanelli:2016cud,
    author = "Raccanelli, Alvise and Kovetz, Ely D. and Bird, Simeon and Cholis, Ilias and Munoz, Julian B.",
    title = "{Determining the progenitors of merging black-hole binaries}",
    eprint = "1605.01405",
    archivePrefix = "arXiv",
    primaryClass = "astro-ph.CO",
    doi = "10.1103/PhysRevD.94.023516",
    journal = "Phys. Rev. D",
    volume = "94",
    number = "2",
    pages = "023516",
    year = "2016"
}
@article{Scelfo:2018sny,
    author = "Scelfo, Giulio and Bellomo, Nicola and Raccanelli, Alvise and Matarrese, Sabino and Verde, Licia",
    title = "{GW$\times$LSS: chasing the progenitors of merging binary black holes}",
    eprint = "1809.03528",
    archivePrefix = "arXiv",
    primaryClass = "astro-ph.CO",
    doi = "10.1088/1475-7516/2018/09/039",
    journal = "JCAP",
    volume = "09",
    pages = "039",
    year = "2018"
}

@ARTICLE{2021JCAP...03..078B,
       author = {{B{\oe}hm}, C{\'e}line and {Kobakhidze}, Archil and {O'Hare}, Ciaran A.~J. and {Picker}, Zachary S.~C. and {Sakellariadou}, Mairi},
        title = "{Eliminating the LIGO bounds on primordial black hole dark matter}",
      journal = {\jcap},
     keywords = {dark matter theory, primordial black holes, gravitational waves / sources, Astrophysics - Cosmology and Nongalactic Astrophysics, General Relativity and Quantum Cosmology, High Energy Physics - Phenomenology, High Energy Physics - Theory},
         year = 2021,
        month = mar,
       volume = {2021},
       number = {3},
          eid = {078},
        pages = {078},
          doi = {10.1088/1475-7516/2021/03/078},
archivePrefix = {arXiv},
       eprint = {2008.10743},
 primaryClass = {astro-ph.CO},
       adsurl = {https://ui.adsabs.harvard.edu/abs/2021JCAP...03..078B},
      adsnote = {Provided by the SAO/NASA Astrophysics Data System}
}


@article{Afshordi_2003,
doi = {10.1086/378763},
url = {https://dx.doi.org/10.1086/378763},
year = {2003},
month = {aug},
publisher = {},
volume = {594},
number = {2},
pages = {L71},
author = {N. Afshordi and P. McDonald and D. N. Spergel},
title = {Primordial Black Holes as Dark Matter: The Power Spectrum and Evaporation of Early Structures},
journal = {The Astrophysical Journal},
abstract = {We consider the possibility that massive primordial black holes are the dominant form of dark matter. Black hole formation adds a Poisson noise to the matter density fluctuations. We use LyÎ± forest observations to constrain this Poisson term, which constrains the black hole masses to be less than approximately a few times 104 Mâ. We also find that structures with less than ~103 black holes evaporate by now.}
}
@article{Murgia:2019duy,
    author = "Murgia, Riccardo and Scelfo, Giulio and Viel, Matteo and Raccanelli, Alvise",
    title = "{Lyman-\ensuremath{\alpha} Forest Constraints on Primordial Black Holes as Dark Matter}",
    eprint = "1903.10509",
    archivePrefix = "arXiv",
    primaryClass = "astro-ph.CO",
    reportNumber = "CERN-TH-2019-029",
    doi = "10.1103/PhysRevLett.123.071102",
    journal = "Phys. Rev. Lett.",
    volume = "123",
    number = "7",
    pages = "071102",
    year = "2019"
}
@article{Boudaud:2018hqb,
    author = "Boudaud, Mathieu and Cirelli, Marco",
    title = "{Voyager 1 $e^\pm$ Further Constrain Primordial Black Holes as Dark Matter}",
    eprint = "1807.03075",
    archivePrefix = "arXiv",
    primaryClass = "astro-ph.HE",
    doi = "10.1103/PhysRevLett.122.041104",
    journal = "Phys. Rev. Lett.",
    volume = "122",
    number = "4",
    pages = "041104",
    year = "2019"
}
@article{Laha:2019ssq,
    author = "Laha, Ranjan",
    title = "{Primordial Black Holes as a Dark Matter Candidate Are Severely Constrained by the Galactic Center 511 keV $\gamma$ -Ray Line}",
    eprint = "1906.09994",
    archivePrefix = "arXiv",
    primaryClass = "astro-ph.HE",
    reportNumber = "CERN-TH-2019-099",
    doi = "10.1103/PhysRevLett.123.251101",
    journal = "Phys. Rev. Lett.",
    volume = "123",
    number = "25",
    pages = "251101",
    year = "2019"
}
@article{DeRocco:2019fjq,
    author = "DeRocco, William and Graham, Peter W.",
    title = "{Constraining Primordial Black Hole Abundance with the Galactic 511 keV Line}",
    eprint = "1906.07740",
    archivePrefix = "arXiv",
    primaryClass = "astro-ph.CO",
    doi = "10.1103/PhysRevLett.123.251102",
    journal = "Phys. Rev. Lett.",
    volume = "123",
    number = "25",
    pages = "251102",
    year = "2019"
}
@article{Belotsky:2014twa,
    author = "Belotsky, K. M. and Kirillov, A. A.",
    title = "{Primordial black holes with mass $10^{16}-10^{17}$ g and reionization of the Universe}",
    eprint = "1409.8601",
    archivePrefix = "arXiv",
    primaryClass = "astro-ph.CO",
    doi = "10.1088/1475-7516/2015/01/041",
    journal = "JCAP",
    volume = "01",
    pages = "041",
    year = "2015"
}
@article{Carr:2016hva,
    author = "Carr, B. J. and Kohri, Kazunori and Sendouda, Yuuiti and Yokoyama, Jun'ichi",
    title = "{Constraints on primordial black holes from the Galactic gamma-ray background}",
    eprint = "1604.05349",
    archivePrefix = "arXiv",
    primaryClass = "astro-ph.CO",
    reportNumber = "RESCEU-16-16, KEK-TH-1895, KEK-COSMO-193",
    doi = "10.1103/PhysRevD.94.044029",
    journal = "Phys. Rev. D",
    volume = "94",
    number = "4",
    pages = "044029",
    year = "2016"
}
@article{Chan:2020zry,
    author = "Chan, Man Ho and Lee, Chak Man",
    title = "{Constraining Primordial Black Hole Fraction at the Galactic Centre using radio observational data}",
    eprint = "2007.05677",
    archivePrefix = "arXiv",
    primaryClass = "astro-ph.HE",
    doi = "10.1093/mnras/staa1966",
    journal = "Mon. Not. Roy. Astron. Soc.",
    volume = "497",
    number = "1",
    pages = "1212--1216",
    year = "2020"
}
@article{Laha:2020ivk,
    author = "Laha, Ranjan and Mu\~noz, Julian B. and Slatyer, Tracy R.",
    title = "{INTEGRAL constraints on primordial black holes and particle dark matter}",
    eprint = "2004.00627",
    archivePrefix = "arXiv",
    primaryClass = "astro-ph.CO",
    doi = "10.1103/PhysRevD.101.123514",
    journal = "Phys. Rev. D",
    volume = "101",
    number = "12",
    pages = "123514",
    year = "2020"
}
@article{Ricotti:2007au,
    author = "Ricotti, Massimo and Ostriker, Jeremiah P. and Mack, Katherine J.",
    title = "{Effect of Primordial Black Holes on the Cosmic Microwave Background and Cosmological Parameter Estimates}",
    eprint = "0709.0524",
    archivePrefix = "arXiv",
    primaryClass = "astro-ph",
    doi = "10.1086/587831",
    journal = "Astrophys. J.",
    volume = "680",
    pages = "829",
    year = "2008"
}
@article{Ali-Haimoud:2016mbv,
    author = {Ali-Ha\"\i{}moud, Yacine and Kamionkowski, Marc},
    title = "{Cosmic microwave background limits on accreting primordial black holes}",
    eprint = "1612.05644",
    archivePrefix = "arXiv",
    primaryClass = "astro-ph.CO",
    doi = "10.1103/PhysRevD.95.043534",
    journal = "Phys. Rev. D",
    volume = "95",
    number = "4",
    pages = "043534",
    year = "2017"
}
@article{Horowitz:2016lib,
    author = "Horowitz, Benjamin",
    title = "{Revisiting Primordial Black Holes Constraints from Ionization History}",
    eprint = "1612.07264",
    archivePrefix = "arXiv",
    primaryClass = "astro-ph.CO",
    month = "12",
    year = "2016"
}
@article{Poulin:2017bwe,
    author = "Poulin, Vivian and Serpico, Pasquale D. and Calore, Francesca and Clesse, Sebastien and Kohri, Kazunori",
    title = "{CMB bounds on disk-accreting massive primordial black holes}",
    eprint = "1707.04206",
    archivePrefix = "arXiv",
    primaryClass = "astro-ph.CO",
    reportNumber = "LAPTH-022-17, TTK-17-22",
    doi = "10.1103/PhysRevD.96.083524",
    journal = "Phys. Rev. D",
    volume = "96",
    number = "8",
    pages = "083524",
    year = "2017"
}
@article{Serpico:2020ehh,
    author = "Serpico, Pasquale D. and Poulin, Vivian and Inman, Derek and Kohri, Kazunori",
    title = "{Cosmic microwave background bounds on primordial black holes including dark matter halo accretion}",
    eprint = "2002.10771",
    archivePrefix = "arXiv",
    primaryClass = "astro-ph.CO",
    reportNumber = "LAPTH-005/20, KEK-Cosmo-248, KEK-TH-2198, IPMU20-0021",
    doi = "10.1103/PhysRevResearch.2.023204",
    journal = "Phys. Rev. Res.",
    volume = "2",
    number = "2",
    pages = "023204",
    year = "2020"
}
@article{Nakama:2017xvq,
    author = "Nakama, Tomohiro and Carr, Bernard and Silk, Joseph",
    title = "{Limits on primordial black holes from $\mu$ distortions in cosmic microwave background}",
    eprint = "1710.06945",
    archivePrefix = "arXiv",
    primaryClass = "astro-ph.CO",
    doi = "10.1103/PhysRevD.97.043525",
    journal = "Phys. Rev. D",
    volume = "97",
    number = "4",
    pages = "043525",
    year = "2018"
}
@article{Acharya:2019xla,
    author = "Acharya, Sandeep Kumar and Khatri, Rishi",
    title = "{CMB spectral distortions constraints on primordial black holes, cosmic strings and long lived unstable particles revisited}",
    eprint = "1912.10995",
    archivePrefix = "arXiv",
    primaryClass = "astro-ph.CO",
    doi = "10.1088/1475-7516/2020/02/010",
    journal = "JCAP",
    volume = "02",
    pages = "010",
    year = "2020"
}
@article{Clark:2016nst,
    author = "Clark, Steven and Dutta, Bhaskar and Gao, Yu and Strigari, Louis E. and Watson, Scott",
    title = "{Planck Constraint on Relic Primordial Black Holes}",
    eprint = "1612.07738",
    archivePrefix = "arXiv",
    primaryClass = "astro-ph.CO",
    reportNumber = "MI-TH-1636, WSU-HEP-1609",
    doi = "10.1103/PhysRevD.95.083006",
    journal = "Phys. Rev. D",
    volume = "95",
    number = "8",
    pages = "083006",
    year = "2017"
}





@article{Bowman:2018yin,
    author = "Bowman, Judd D. and Rogers, Alan E. E. and Monsalve, Raul A. and Mozdzen, Thomas J. and Mahesh, Nivedita",
    title = "{An absorption profile centred at 78 megahertz in the sky-averaged spectrum}",
    eprint = "1810.05912",
    archivePrefix = "arXiv",
    primaryClass = "astro-ph.CO",
    doi = "10.1038/nature25792",
    journal = "Nature",
    volume = "555",
    number = "7694",
    pages = "67--70",
    year = "2018"
}
@article{Hektor:2018qqw,
    author = {Hektor, Andi and H\"utsi, Gert and Marzola, Luca and Raidal, Martti and Vaskonen, Ville and Veerm\"ae, Hardi},
    title = "{Constraining Primordial Black Holes with the EDGES 21-cm Absorption Signal}",
    eprint = "1803.09697",
    archivePrefix = "arXiv",
    primaryClass = "astro-ph.CO",
    reportNumber = "CERN-TH-2018-073",
    doi = "10.1103/PhysRevD.98.023503",
    journal = "Phys. Rev. D",
    volume = "98",
    number = "2",
    pages = "023503",
    year = "2018"
}
@article{Halder:2021rbq,
    author = "Halder, Ashadul and Banerjee, Shibaji",
    title = "{Bounds on abundance of primordial black hole and dark matter from EDGES 21-cm signal}",
    eprint = "2102.00959",
    archivePrefix = "arXiv",
    primaryClass = "astro-ph.CO",
    doi = "10.1103/PhysRevD.103.063044",
    journal = "Phys. Rev. D",
    volume = "103",
    number = "6",
    pages = "063044",
    year = "2021"
}
@article{Halder:2021jiv,
    author = "Halder, Ashadul and Pandey, Madhurima",
    title = "{Probing the effects of primordial black holes on 21-cm EDGES signal along with interacting dark energy and dark matter\textendash{}baryon scattering}",
    eprint = "2101.05228",
    archivePrefix = "arXiv",
    primaryClass = "astro-ph.CO",
    doi = "10.1093/mnras/stab2795",
    journal = "Mon. Not. Roy. Astron. Soc.",
    volume = "508",
    number = "3",
    pages = "3446--3454",
    year = "2021"
}
@article{Villanueva-Domingo:2021cgh,
    author = "Villanueva-Domingo, Pablo and Ichiki, Kiyotomo",
    title = "{21 cm Forest Constraints on Primordial Black Holes}",
    eprint = "2104.10695",
    archivePrefix = "arXiv",
    primaryClass = "astro-ph.CO",
    doi = "10.1093/pasj/psab119",
    month = "4",
    year = "2021"
}
@article{Mena:2019nhm,
    author = "Mena, Olga and Palomares-Ruiz, Sergio and Villanueva-Domingo, Pablo and Witte, Samuel J.",
    title = "{Constraining the primordial black hole abundance with 21-cm cosmology}",
    eprint = "1906.07735",
    archivePrefix = "arXiv",
    primaryClass = "astro-ph.CO",
    doi = "10.1103/PhysRevD.100.043540",
    journal = "Phys. Rev. D",
    volume = "100",
    number = "4",
    pages = "043540",
    year = "2019"
}

@ARTICLE{2020MNRAS.492...22S,
       author = {{Sims}, Peter H. and {Pober}, Jonathan C.},
        title = "{Testing for calibration systematics in the EDGES low-band data using Bayesian model selection}",
      journal = {\mnras},
     keywords = {radiation mechanisms: non-thermal, methods: data analysis, cosmology: observations, dark ages, reionization, first stars, radio continuum: general, radio lines: ISM, Astrophysics - Cosmology and Nongalactic Astrophysics, Astrophysics - Astrophysics of Galaxies, Astrophysics - Instrumentation and Methods for Astrophysics},
         year = 2020,
        month = feb,
       volume = {492},
       number = {1},
        pages = {22-38},
          doi = {10.1093/mnras/stz3388},
archivePrefix = {arXiv},
       eprint = {1910.03165},
 primaryClass = {astro-ph.CO},
       adsurl = {https://ui.adsabs.harvard.edu/abs/2020MNRAS.492...22S},
      adsnote = {Provided by the SAO/NASA Astrophysics Data System}
}
@article{Bradley:2018eev,
    author = "Bradley, Richard F. and Tauscher, Keith and Rapetti, David and Burns, Jack O.",
    title = "{A Ground Plane Artifact that Induces an Absorption Profile in Averaged Spectra from Global 21-cm Measurements - with Possible Application to EDGES}",
    eprint = "1810.09015",
    archivePrefix = "arXiv",
    primaryClass = "astro-ph.IM",
    doi = "10.3847/1538-4357/ab0d8b",
    journal = "Astrophys. J.",
    volume = "874",
    number = "2",
    pages = "153",
    year = "2019"
}
@article{Hills:2018vyr,
    author = "Hills, Richard and Kulkarni, Girish and Meerburg, P. Daniel and Puchwein, Ewald",
    title = "{Concerns about modelling of the EDGES data}",
    eprint = "1805.01421",
    archivePrefix = "arXiv",
    primaryClass = "astro-ph.CO",
    doi = "10.1038/s41586-018-0796-5",
    journal = "Nature",
    volume = "564",
    number = "7736",
    pages = "E32--E34",
    year = "2018"
}
@article{MACHO:2000qbb,
    author = "Alcock, C. and others",
    collaboration = "MACHO",
    title = "{The MACHO project: Microlensing results from 5.7 years of LMC observations}",
    eprint = "astro-ph/0001272",
    archivePrefix = "arXiv",
    doi = "10.1086/309512",
    journal = "Astrophys. J.",
    volume = "542",
    pages = "281--307",
    year = "2000"
}
@article{Hamadache:2006fw,
    author = "Hamadache, C. and others",
    title = "{Galactic bulge microlensing optical depth from eros-2}",
    eprint = "astro-ph/0601510",
    archivePrefix = "arXiv",
    doi = "10.1051/0004-6361:20064893",
    journal = "Astron. Astrophys.",
    volume = "454",
    pages = "185--199",
    year = "2006"
}
@article{Brandt:2016aco,
    author = "Brandt, Timothy D.",
    title = "{Constraints on MACHO Dark Matter from Compact Stellar Systems in Ultra-Faint Dwarf Galaxies}",
    eprint = "1605.03665",
    archivePrefix = "arXiv",
    primaryClass = "astro-ph.GA",
    doi = "10.3847/2041-8205/824/2/L31",
    journal = "Astrophys. J. Lett.",
    volume = "824",
    number = "2",
    pages = "L31",
    year = "2016"
}
@article{Monroy_Rodr_guez_2014,
	doi = {10.1088/0004-637x/790/2/159},
  
	url = {https://doi.org/10.1088%2F0004-637x%2F790%2F2%2F159},
  
	year = 2014,
	month = {jul},
  
	publisher = {American Astronomical Society},
  
	volume = {790},
  
	number = {2},
  
	pages = {159},
  
	author = {Miguel A. Monroy-Rodr{\'{\i}
}guez and Christine Allen},
  
	title = {{THE} {END} {OF} {THE} {MACHO} {ERA},
   {REVISITED}: {NEW} {LIMITS} {ON} {MACHO} {MASSES} {FROM} {HALO} {WIDE} {BINARIES}},
  
	journal = {The Astrophysical Journal}
}}
@article{Graham:2015apa,
    author = "Graham, Peter W. and Rajendran, Surjeet and Varela, Jaime",
    title = "{Dark Matter Triggers of Supernovae}",
    eprint = "1505.04444",
    archivePrefix = "arXiv",
    primaryClass = "hep-ph",
    doi = "10.1103/PhysRevD.92.063007",
    journal = "Phys. Rev. D",
    volume = "92",
    number = "6",
    pages = "063007",
    year = "2015"
}
@article{Capela:2013yf,
    author = "Capela, Fabio and Pshirkov, Maxim and Tinyakov, Peter",
    title = "{Constraints on primordial black holes as dark matter candidates from capture by neutron stars}",
    eprint = "1301.4984",
    archivePrefix = "arXiv",
    primaryClass = "astro-ph.CO",
    reportNumber = "ULB-TH-13-01",
    doi = "10.1103/PhysRevD.87.123524",
    journal = "Phys. Rev. D",
    volume = "87",
    number = "12",
    pages = "123524",
    year = "2013"
}
@ARTICLE{1999ApJ...516..195C,
       author = {{Carr}, B.~J. and {Sakellariadou}, M.},
        title = "{Dynamical Constraints on Dark Matter in Compact Objects}",
      journal = {\apj},
     keywords = {BLACK HOLE PHYSICS, COSMOLOGY: DARK MATTER, GALAXIES: STAR CLUSTERS, Black Hole Physics, Cosmology: Dark Matter, Galaxies: Star Clusters},
         year = 1999,
        month = may,
       volume = {516},
       number = {1},
        pages = {195-220},
          doi = {10.1086/307071},
       adsurl = {https://ui.adsabs.harvard.edu/abs/1999ApJ...516..195C},
      adsnote = {Provided by the SAO/NASA Astrophysics Data System}
}


@article{Wyrzykowski_20111,
	doi = {10.1111/j.1365-2966.2010.18150.x},
  
	url = {https://doi.org/10.1111%2Fj.1365-2966.2010.18150.x},
  
	year = 2011,
	month = {jan},
  
	publisher = {Oxford University Press ({OUP})},
  
	volume = {413},
  
	number = {1},
  
	pages = {493--508},
  
	author = {{\L}. Wyrzykowski and S. Koz{\l}owski and J. Skowron and A. Udalski and M. K. Szyma{\'{n}
}ski and M. Kubiak and G. Pietrzy{\'{n}}ski and I. Soszy{\'{n}}ski and O. Szewczyk and K. Ulaczyk and R. Poleski},
  
	title = {The {OGLE} view of microlensing towards the Magellanic Clouds - {III}. Ruling out subsolar {MACHOs} with the {OGLE}-{III} {LMC} data{\ding{72}}},
  
	journal = {Monthly Notices of the Royal Astronomical Society}
}}
@article{CalchiNovati:2009kq,
    author = "Calchi Novati, S. and Mancini, L. and Scarpetta, G. and Wyrzykowski, L.",
    title = "{LMC self lensing for OGLE-II microlensing observations}",
    eprint = "0908.3836",
    archivePrefix = "arXiv",
    primaryClass = "astro-ph.GA",
    doi = "10.1111/j.1365-2966.2009.15570.x",
    journal = "Mon. Not. Roy. Astron. Soc.",
    volume = "400",
    pages = "1625",
    year = "2009"
}
@article{Wyrzykowski_2009,
	doi = {10.1111/j.1365-2966.2009.15029.x},
  
	url = {https://doi.org/10.1111%2Fj.1365-2966.2009.15029.x},
  
	year = 2009,
	month = {aug},
  
	publisher = {Oxford University Press ({OUP})},
  
	volume = {397},
  
	number = {3},
  
	pages = {1228--1242},
  
	author = {{\L}. Wyrzykowski and S. Koz{\l}owski and J. Skowron and V. Belokurov and M. C. Smith and A. Udalski and M. K. Szyma{\'{n}
}ski and M. Kubiak and G. Pietrzy{\'{n}}ski and I. Soszy{\'{n}}ski and O. Szewczyk and K. {\.{Z}}ebru{\'{n}}},
  
	title = {The {OGLE} view of microlensing towards the Magellanic Clouds - I. A trickle of events in the {OGLE}-{II} {LMC} data},
  
	journal = {Monthly Notices of the Royal Astronomical Society}
}}
@article{Wyrzykowski_20112,
	doi = {10.1111/j.1365-2966.2010.18150.x},
  
	url = {https://doi.org/10.1111%2Fj.1365-2966.2010.18150.x},
  
	year = 2011,
	month = {jan},
  
	publisher = {Oxford University Press ({OUP})},
  
	volume = {413},
  
	number = {1},
  
	pages = {493--508},
  
	author = {{\L}. Wyrzykowski and S. Koz{\l}owski and J. Skowron and A. Udalski and M. K. Szyma{\'{n}
}ski and M. Kubiak and G. Pietrzy{\'{n}}ski and I. Soszy{\'{n}}ski and O. Szewczyk and K. Ulaczyk and R. Poleski},
  
	title = {The {OGLE} view of microlensing towards the Magellanic Clouds - {III}. Ruling out subsolar {MACHOs} with the {OGLE}-{III} {LMC} data{\ding{72}}},
  
	journal = {Monthly Notices of the Royal Astronomical Society}
}}
@article{Wyrzykowski_20113,
	doi = {10.1111/j.1365-2966.2011.19243.x},
  
	url = {https://doi.org/10.1111%2Fj.1365-2966.2011.19243.x},
  
	year = 2011,
	month = {aug},
  
	publisher = {Oxford University Press ({OUP})},
  
	volume = {416},
  
	number = {4},
  
	pages = {2949--2961},
  
	author = {L. Wyrzykowski and J. Skowron and S. Koz{\l}owski and A. Udalski and M. K. Szyma{\'{n}
}ski and M. Kubiak and G. Pietrzy{\'{n}}ski and I. Soszy{\'{n}}ski and O. Szewczyk and K. Ulaczyk and R. Poleski and P. Tisserand},
  
	title = {The {OGLE} view of microlensing towards the Magellanic Clouds - {IV}. {OGLE}-{III} {SMC} data and final conclusions on {MACHOs}{\ding{72}}},
  
	journal = {Monthly Notices of the Royal Astronomical Society}
}}
@article{Niikura:2019kqi,
    author = "Niikura, Hiroko and Takada, Masahiro and Yokoyama, Shuichiro and Sumi, Takahiro and Masaki, Shogo",
    title = "{Constraints on Earth-mass primordial black holes from OGLE 5-year microlensing events}",
    eprint = "1901.07120",
    archivePrefix = "arXiv",
    primaryClass = "astro-ph.CO",
    doi = "10.1103/PhysRevD.99.083503",
    journal = "Phys. Rev. D",
    volume = "99",
    number = "8",
    pages = "083503",
    year = "2019"
}
@article{Niikura:2017zjd,
    author = "Niikura, Hiroko and others",
    title = "{Microlensing constraints on primordial black holes with Subaru/HSC Andromeda observations}",
    eprint = "1701.02151",
    archivePrefix = "arXiv",
    primaryClass = "astro-ph.CO",
    doi = "10.1038/s41550-019-0723-1",
    journal = "Nature Astron.",
    volume = "3",
    number = "6",
    pages = "524--534",
    year = "2019"
}
@article{Zumalacarregui:2017qqd,
    author = "Zumalacarregui, Miguel and Seljak, Uros",
    title = "{Limits on stellar-mass compact objects as dark matter from gravitational lensing of type Ia supernovae}",
    eprint = "1712.02240",
    archivePrefix = "arXiv",
    primaryClass = "astro-ph.CO",
    reportNumber = "NORDITA 2017-132, NORDITA-2017-132",
    doi = "10.1103/PhysRevLett.121.141101",
    journal = "Phys. Rev. Lett.",
    volume = "121",
    number = "14",
    pages = "141101",
    year = "2018"
}
@ARTICLE{garc2018PDU....20...95G,
       author = {{Garc{\'\i}a-Bellido}, Juan and {Clesse}, S{\'e}bastien and {Fleury}, Pierre},
        title = "{Primordial black holes survive SN lensing constraints}",
      journal = {Physics of the Dark Universe},
     keywords = {Primordial black holes, Dark matter, Gravitational lensing},
         year = 2018,
        month = jun,
       volume = {20},
          eid = {95},
        pages = {95},
          doi = {10.1016/j.dark.2018.04.005},
       adsurl = {https://ui.adsabs.harvard.edu/abs/2018PDU....20...95G},
      adsnote = {Provided by the SAO/NASA Astrophysics Data System}
}

@article{Oguri:2017ock,
    author = "Oguri, Masamune and Diego, Jose M. and Kaiser, Nick and Kelly, Patrick L. and Broadhurst, Tom",
    title = "{Understanding caustic crossings in giant arcs: characteristic scales, event rates, and constraints on compact dark matter}",
    eprint = "1710.00148",
    archivePrefix = "arXiv",
    primaryClass = "astro-ph.CO",
    doi = "10.1103/PhysRevD.97.023518",
    journal = "Phys. Rev. D",
    volume = "97",
    number = "2",
    pages = "023518",
    year = "2018"
}
@ARTICLE{Dalcanton1994ApJ...424..550D,
       author = {{Dalcanton}, Julianne J. and {Canizares}, Claude R. and {Granados}, Arno and {Steidel}, Charles C. and {Stocke}, John T.},
        title = "{Observational Limits on Omega in Stars, Brown Dwarfs, and Stellar Remnants from Gravitational Microlensing}",
      journal = {\apj},
     keywords = {Astronomical Models, Brown Dwarf Stars, Cosmology, Emission Spectra, Gravitational Lenses, Mass Distribution, Quasars, Statistical Analysis, Subdwarf Stars, X Ray Astronomy, Density (Mass/Volume), Heao 2, Radio Astronomy, Red Shift, Size (Dimensions), Sky Surveys (Astronomy), Stellar Mass, Ultraviolet Astronomy, Universe, Astrophysics, COSMOLOGY: OBSERVATIONS, COSMOLOGY: GRAVITATIONAL LENSING, GALAXIES: QUASARS: GENERAL, STARS: LOW-MASS, BROWN DWARFS},
         year = 1994,
        month = apr,
       volume = {424},
        pages = {550},
          doi = {10.1086/173914},
       adsurl = {https://ui.adsabs.harvard.edu/abs/1994ApJ...424..550D},
      adsnote = {Provided by the SAO/NASA Astrophysics Data System}
}

@article{Mediavilla_2009,
	doi = {10.1088/0004-637x/706/2/1451},
  
	url = {https://doi.org/10.1088%2F0004-637x%2F706%2F2%2F1451},
  
	year = 2009,
	month = {nov},
  
	publisher = {American Astronomical Society},
  
	volume = {706},
  
	number = {2},
  
	pages = {1451--1462},
  
	author = {E. Mediavilla and J. A. Mu{\~{n}
}oz and E. Falco and V. Motta and E. Guerras and H. Canovas and C. Jean and A. Oscoz and A. M. Mosquera},
  
	title = {{MICROLENSING}-{BASED} {ESTIMATE} {OF} {THE} {MASS} {FRACTION} {IN} {COMPACT} {OBJECTS} {IN} {LENS} {GALAXIES}},
  
	journal = {The Astrophysical Journal}
}}
@article{Wilkinson:2001vv,
    author = "Wilkinson, P. N. and Henstock, D. R. and Browne, I. W. A. and Polatidis, A. G. and Augusto, P. and Readhead, A. C. S. and Pearson, T. J. and Xu, W. and Taylor, G. B. and Vermeulen, R. C.",
    title = "{Limits on the cosmological abundance of supermassive compact objects from a search for multiple imaging in compact radio sources}",
    eprint = "astro-ph/0101328",
    archivePrefix = "arXiv",
    doi = "10.1103/PhysRevLett.86.584",
    journal = "Phys. Rev. Lett.",
    volume = "86",
    pages = "584--587",
    year = "2001"
}
@article{Marani:1998sh,
    author = "Marani, G. F. and Nemiroff, R. J. and Norris, J. P. and Hurley, K. and Bonnell, J. T.",
    title = "{Gravitationally lensed gamma-ray bursts as probes of dark compact objects}",
    eprint = "astro-ph/9810391",
    archivePrefix = "arXiv",
    doi = "10.1086/311868",
    journal = "Astrophys. J. Lett.",
    volume = "512",
    pages = "L13",
    year = "1999"
}
@article{Nemiroff:2001bp,
    author = "Nemiroff, Robert J. and Marani, Gabriela F. and Norris, Jay P. and Bonnell, Jerry T.",
    title = "{Limits on the cosmological abundance of supermassive compact objects from a millilensing search in gamma-ray burst data}",
    eprint = "astro-ph/0101488",
    archivePrefix = "arXiv",
    doi = "10.1103/PhysRevLett.86.580",
    journal = "Phys. Rev. Lett.",
    volume = "86",
    pages = "580",
    year = "2001"
}
@ARTICLE{1992ApJ...386L...5G,
       author = {{Gould}, Andrew},
        title = "{Femtolensing of Gamma-Ray Bursters}",
      journal = {\apjl},
     keywords = {Dark Matter, Gamma Ray Bursts, Gravitational Lenses, Energy Spectra, Gamma Ray Observatory, Halos, Milky Way Galaxy, Astrophysics, COSMOLOGY: DARK MATTER, COSMOLOGY: GRAVITATIONAL LENSING, GAMMA RAYS: BURSTS},
         year = 1992,
        month = feb,
       volume = {386},
        pages = {L5},
          doi = {10.1086/186279},
       adsurl = {https://ui.adsabs.harvard.edu/abs/1992ApJ...386L...5G},
      adsnote = {Provided by the SAO/NASA Astrophysics Data System}
}


@article{Barnacka_2012,
	doi = {10.1103/physrevd.86.043001},
  
	url = {https://doi.org/10.1103%2Fphysrevd.86.043001},
  
	year = 2012,
	month = {aug},
  
	publisher = {American Physical Society ({APS})},
  
	volume = {86},
  
	number = {4},
  
	author = {A. Barnacka and J.-F. Glicenstein and R. Moderski},
  
	title = {New constraints on primordial black holes abundance from femtolensing of gamma-ray bursts},
  
	journal = {Physical Review D}
}}

@article{Katz:2018zrn,
    author = "Katz, Andrey and Kopp, Joachim and Sibiryakov, Sergey and Xue, Wei",
    title = "{Femtolensing by Dark Matter Revisited}",
    eprint = "1807.11495",
    archivePrefix = "arXiv",
    primaryClass = "astro-ph.CO",
    reportNumber = "CERN-TH-2018-176, MITP/18-071, INR-TH-2018-018",
    doi = "10.1088/1475-7516/2018/12/005",
    journal = "JCAP",
    volume = "12",
    pages = "005",
    year = "2018"
}
@article{Ulmer:1994ij,
    author = "Ulmer, Andrew and Goodman, Jeremy",
    title = "{Femtolensing: Beyond the semiclassical approximation}",
    eprint = "astro-ph/9406042",
    archivePrefix = "arXiv",
    doi = "10.1086/175422",
    journal = "Astrophys. J.",
    volume = "442",
    pages = "67",
    year = "1995"
}
@software{bradley_j_kavanagh_2019_3538999,
  author       = {Bradley J. Kavanagh},
  title        = {bradkav/PBHbounds: Release version},
  month        = nov,
  year         = 2019,
  publisher    = {Zenodo},
  version      = {1.0},
  doi          = {10.5281/zenodo.3538999},
  url          = {https://doi.org/10.5281/zenodo.3538999}
}
@article{Ando:2018qdb,
    author = "Ando, Kenta and Inomata, Keisuke and Kawasaki, Masahiro",
    title = "{Primordial black holes and uncertainties in the choice of the window function}",
    eprint = "1802.06393",
    archivePrefix = "arXiv",
    primaryClass = "astro-ph.CO",
    reportNumber = "IPMU-18-0033",
    doi = "10.1103/PhysRevD.97.103528",
    journal = "Phys. Rev. D",
    volume = "97",
    number = "10",
    pages = "103528",
    year = "2018"
}
@article{Villanueva-Domingo:2021spv,
    author = "Villanueva-Domingo, Pablo and Mena, Olga and Palomares-Ruiz, Sergio",
    title = "{A brief review on primordial black holes as dark matter}",
    eprint = "2103.12087",
    archivePrefix = "arXiv",
    primaryClass = "astro-ph.CO",
    doi = "10.3389/fspas.2021.681084",
    journal = "Front. Astron. Space Sci.",
    volume = "8",
    pages = "87",
    year = "2021"
}
@article{Hawking:1982ga,
    author = "Hawking, S. W. and Moss, I. G. and Stewart, J. M.",
    title = "{Bubble Collisions in the Very Early Universe}",
    reportNumber = "Print-82-0180 (CAMBRIDGE)",
    doi = "10.1103/PhysRevD.26.2681",
    journal = "Phys. Rev. D",
    volume = "26",
    pages = "2681",
    year = "1982"
}
@article{Mifsud:2019xpu,
    author = "Mifsud, Jurgen and van de Bruck, Carsten",
    title = "{Complementary probes of inflationary cosmology}",
    eprint = "1904.09590",
    archivePrefix = "arXiv",
    primaryClass = "astro-ph.CO",
    month = "4",
    year = "2019"
}
@article{Sato-Polito:2019hws,
    author = "Sato-Polito, Gabriela and Kovetz, Ely D. and Kamionkowski, Marc",
    title = "{Constraints on the primordial curvature power spectrum from primordial black holes}",
    eprint = "1904.10971",
    archivePrefix = "arXiv",
    primaryClass = "astro-ph.CO",
    doi = "10.1103/PhysRevD.100.063521",
    journal = "Phys. Rev. D",
    volume = "100",
    number = "6",
    pages = "063521",
    year = "2019"
}