@book{Weinberg:2008zzc,
    author = "Weinberg, Steven",
    title = "{Cosmology}",
    isbn = "978-0-19-852682-7",
    year = "2008"
}
@article{Bartolo_2004,
	doi = {10.1016/j.physrep.2004.08.022},
  
	url = {https://doi.org/10.1016%2Fj.physrep.2004.08.022},
  
	year = 2004,
	month = {nov},
  
	publisher = {Elsevier {BV}
},
  
	volume = {402},
  
	number = {3-4},
  
	pages = {103--266},
  
	author = {N. Bartolo and E. Komatsu and S. Matarrese and A. Riotto},
  
	title = {Non-Gaussianity from inflation: theory and observations},
  
	journal = {Physics Reports}
}


@misc{baumann2012tasi,
      title={TASI Lectures on Inflation}, 
      author={Daniel Baumann},
      year={2012},
      eprint={0907.5424},
      archivePrefix={arXiv},
      primaryClass={hep-th}
}
@book{Baumann_2022, place={Cambridge}, title={Cosmology}, publisher={Cambridge University Press}, author={Baumann, Daniel}, year={2022}}

@ARTICLE{1974ApJ...187..425P,
       author = {{Press}, William H. and {Schechter}, Paul},
        title = "{Formation of Galaxies and Clusters of Galaxies by Self-Similar Gravitational Condensation}",
      journal = {The Astrophysical Journal},
         year = 1974,
        month = Feb,
       volume = {187},
        pages = {425-438},
          doi = {10.1086/152650},
       adsurl = {https://ui.adsabs.harvard.edu/abs/1974ApJ...187..425P},
      adsnote = {Provided by the SAO/NASA Astrophysics Data System}
}

@article{Bernardeau_2002,
   title={Large-scale structure of the Universe and cosmological perturbation theory},
   volume={367},
   ISSN={0370-1573},
   url={http://dx.doi.org/10.1016/S0370-1573(02)00135-7},
   DOI={10.1016/s0370-1573(02)00135-7},
   number={1–3},
   journal={Physics Reports},
   publisher={Elsevier BV},
   author={Bernardeau, F. and Colombi, S. and Gaztañaga, E. and Scoccimarro, R.},
   year={2002},
   month=sep, pages={1–248} }

@BOOK{Dodelson,
       author = {{Dodelson}, Scott and {Schmidt}, Fabian},
        title = "{Modern Cosmology}",
         year = 2020,
          doi = {10.1016/C2017-0-01943-2},
       adsurl = {https://ui.adsabs.harvard.edu/abs/2020moco.book.....D},
      adsnote = {Provided by the SAO/NASA Astrophysics Data System}
}

@ARTICLE{1976ApJ...205..318P,
       author = {{Peebles}, P.~J.~E.},
        title = "{The Peculiar Velocity Field in the Local Supercluster}",
      journal = {The Astrophysical Journal},
         year = 1976,
        month = apr,
       volume = {205},
        pages = {318-328},
          doi = {10.1086/154280},
       adsurl = {https://ui.adsabs.harvard.edu/abs/1976ApJ...205..318P},
      adsnote = {Provided by the SAO/NASA Astrophysics Data System}
}
@article{Mangano_2005,
   title={Relic neutrino decoupling including flavour oscillations},
   volume={729},
   ISSN={0550-3213},
   url={http://dx.doi.org/10.1016/j.nuclphysb.2005.09.041},
   DOI={10.1016/j.nuclphysb.2005.09.041},
   number={1–2},
   journal={Nuclear Physics B},
   publisher={Elsevier BV},
   author={Mangano, Gianpiero and Miele, Gennaro and Pastor, Sergio and Pinto, Teguayco and Pisanti, Ofelia and Serpico, Pasquale D.},
   year={2005},
   month=nov, pages={221–234} }
@article{LESGOURGUES_2006,
   title={Massive neutrinos and cosmology},
   volume={429},
   ISSN={0370-1573},
   url={http://dx.doi.org/10.1016/j.physrep.2006.04.001},
   DOI={10.1016/j.physrep.2006.04.001},
   number={6},
   journal={Physics Reports},
   publisher={Elsevier BV},
   author={LESGOURGUES, J and PASTOR, S},
   year={2006},
   month=jul, pages={307–379} }
@article{ParticleDataGroup:2022pth,
    author = "Workman, R. L. and others",
    collaboration = "Particle Data Group",
    title = "{Review of Particle Physics}",
    doi = "10.1093/ptep/ptac097",
    journal = "PTEP",
    volume = "2022",
    pages = "083C01",
    year = "2022"
}
@article{ParticleDataGroup:2014cgo,
    author = "Olive, K. A. and others",
    collaboration = "Particle Data Group",
    title = "{Review of Particle Physics}",
    doi = "10.1088/1674-1137/38/9/090001",
    journal = "Chin. Phys. C",
    volume = "38",
    pages = "090001",
    year = "2014"
}
@misc{abazajian2016cmbs4sciencebookedition,
      title={CMB-S4 Science Book, First Edition}, 
      author={Kevork N. Abazajian and Peter Adshead and Zeeshan Ahmed and Steven W. Allen and David Alonso and Kam S. Arnold and Carlo Baccigalupi and James G. Bartlett and Nicholas Battaglia and Bradford A. Benson and Colin A. Bischoff and Julian Borrill and Victor Buza and Erminia Calabrese and Robert Caldwell and John E. Carlstrom and Clarence L. Chang and Thomas M. Crawford and Francis-Yan Cyr-Racine and Francesco De Bernardis and Tijmen de Haan and Sperello di Serego Alighieri and Joanna Dunkley and Cora Dvorkin and Josquin Errard and Giulio Fabbian and Stephen Feeney and Simone Ferraro and Jeffrey P. Filippini and Raphael Flauger and George M. Fuller and Vera Gluscevic and Daniel Green and Daniel Grin and Evan Grohs and Jason W. Henning and J. Colin Hill and Renee Hlozek and Gilbert Holder and William Holzapfel and Wayne Hu and Kevin M. Huffenberger and Reijo Keskitalo and Lloyd Knox and Arthur Kosowsky and John Kovac and Ely D. Kovetz and Chao-Lin Kuo and Akito Kusaka and Maude Le Jeune and Adrian T. Lee and Marc Lilley and Marilena Loverde and Mathew S. Madhavacheril and Adam Mantz and David J. E. Marsh and Jeffrey McMahon and Pieter Daniel Meerburg and Joel Meyers and Amber D. Miller and Julian B. Munoz and Ho Nam Nguyen and Michael D. Niemack and Marco Peloso and Julien Peloton and Levon Pogosian and Clement Pryke and Marco Raveri and Christian L. Reichardt and Graca Rocha and Aditya Rotti and Emmanuel Schaan and Marcel M. Schmittfull and Douglas Scott and Neelima Sehgal and Sarah Shandera and Blake D. Sherwin and Tristan L. Smith and Lorenzo Sorbo and Glenn D. Starkman and Kyle T. Story and Alexander van Engelen and Joaquin D. Vieira and Scott Watson and Nathan Whitehorn and W. L. Kimmy Wu},
      year={2016},
      eprint={1610.02743},
      archivePrefix={arXiv},
      primaryClass={astro-ph.CO},
      url={https://arxiv.org/abs/1610.02743}, 
}

@article{Maldacena_2003,
   title={Non-gaussian features of primordial fluctuations in single field inflationary models},
   volume={2003},
   ISSN={1029-8479},
   url={http://dx.doi.org/10.1088/1126-6708/2003/05/013},
   DOI={10.1088/1126-6708/2003/05/013},
   number={05},
   journal={Journal of High Energy Physics},
   publisher={Springer Science and Business Media LLC},
   author={Maldacena, Juan},
   year={2003},
   month=may, pages={013–013} }

@article{Polarski_1994,
   title={Isocurvature perturbations in multiple inflationary models},
   volume={50},
   ISSN={0556-2821},
   url={http://dx.doi.org/10.1103/PhysRevD.50.6123},
   DOI={10.1103/physrevd.50.6123},
   number={10},
   journal={Physical Review D},
   publisher={American Physical Society (APS)},
   author={Polarski, David and Starobinsky, A. A.},
   year={1994},
   month=nov, pages={6123–6129} }
@article{Lyth_2002,
   title={Generating the curvature perturbation without an inflaton},
   volume={524},
   ISSN={0370-2693},
   url={http://dx.doi.org/10.1016/S0370-2693(01)01366-1},
   DOI={10.1016/s0370-2693(01)01366-1},
   number={1–2},
   journal={Physics Letters B},
   publisher={Elsevier BV},
   author={Lyth, David H and Wands, David},
   year={2002},
   month=jan, pages={5–14} }


@ARTICLE{Goroff1986ApJ...311....6G,
       author = {{Goroff}, M.~H. and {Grinstein}, B. and {Rey}, S. -J. and {Wise}, M.~B.},
        title = "{Coupling of modes of cosmological mass density fluctuations}",
      journal = {The Astrophysical Journal},
     keywords = {Cosmology, Density Distribution, Fluctuation Theory, Galactic Clusters, Mass Distribution, Space Density, Coupled Modes, Dark Matter, Normal Density Functions, Power Spectra, Probability Distribution Functions, Astrophysics, BOW WAVES, FLOW VELOCITY, GIACOBINI-ZINNER COMET, MAGNETIC FIELDS, PLASMA WAVES, INTERNATIONAL SUN EARTH EXPLORER 3, SHOCK WAVES, SOLAR WIND, SUBSONIC FLOW, SUPERSONIC FLOW, WAVE PROPAGATION},
         year = 1986,
        month = dec,
       volume = {311},
        pages = {6-14},
          doi = {10.1086/164749},
       adsurl = {https://ui.adsabs.harvard.edu/abs/1986ApJ...311....6G},
      adsnote = {Provided by the SAO/NASA Astrophysics Data System}
}

@article{Jain_1994,
   title={Second-order power spectrum and nonlinear evolution at high redshift},
   volume={431},
   ISSN={1538-4357},
   url={http://dx.doi.org/10.1086/174502},
   DOI={10.1086/174502},
   journal={The Astrophysical Journal},
   publisher={American Astronomical Society},
   author={Jain, Bhuvnesh and Bertschinger, Edmund},
   year={1994},
   month=aug, pages={495} }

@ARTICLE{Zel1970A&A.....5...84Z,
       author = {{Zel'dovich}, Ya. B.},
        title = "{Gravitational instability: An approximate theory for large density perturbations.}",
      journal = {\aap},
         year = 1970,
        month = mar,
       volume = {5},
        pages = {84-89},
       adsurl = {https://ui.adsabs.harvard.edu/abs/1970A&A.....5...84Z},
      adsnote = {Provided by the SAO/NASA Astrophysics Data System}
}
@misc{bouchet1996introductory,
      title={Introductory Overview of Eulerian and Lagrangian Perturbation Theories}, 
      author={F. R. Bouchet},
      year={1996},
      eprint={astro-ph/9603013},
      archivePrefix={arXiv},
      primaryClass={id='astro-ph' full_name='Astrophysics' is_active=False alt_name=None in_archive='astro-ph' is_general=False description=None}
}
@ARTICLE{buch1989A&A...223....9B,
       author = {{Buchert}, T.},
        title = "{A class of solutions in Newtonian cosmology and the pancake theory}",
      journal = {\aap},
     keywords = {Computational Astrophysics, Cosmology, Galaxies, Perturbation Theory, Astrophysics},
         year = 1989,
        month = oct,
       volume = {223},
       number = {1-2},
        pages = {9-24},
       adsurl = {https://ui.adsabs.harvard.edu/abs/1989A&A...223....9B},
      adsnote = {Provided by the SAO/NASA Astrophysics Data System}
}
@ARTICLE{Melot1995A&A...294..345M,
       author = {{Melott}, A.~L. and {Buchert}, T. and {Weiss}, A.~G.},
        title = "{Testing higher-order Lagrangian perturbation theory against numerical simulations. II. Hierarchical models.}",
      journal = {\aap},
     keywords = {Cross Correlation, Dark Matter, Lagrangian Function, Many Body Problem, Numerical Analysis, Perturbation Theory, Cosmology, Mathematical Models, Power Spectra, Astrophysics, COSMOLOGY: THEORY, DARK MATTER, LARGE-SCALE STRUCTURE OF UNIVERSE, Astrophysics},
         year = 1995,
        month = feb,
       volume = {294},
        pages = {345-365},
          doi = {10.48550/arXiv.astro-ph/9404018},
archivePrefix = {arXiv},
       eprint = {astro-ph/9404018},
 primaryClass = {astro-ph},
       adsurl = {https://ui.adsabs.harvard.edu/abs/1995A&A...294..345M},
      adsnote = {Provided by the SAO/NASA Astrophysics Data System}
}

@ARTICLE{buchert1994A&A...288..349B,
       author = {{Buchert}, T. and {Melott}, A.~L. and {Weiss}, A.~G.},
        title = "{Testing higher-order Lagrangian perturbation theory against numerical simulations I. Pancake models}",
      journal = {\aap},
     keywords = {COSMOLOGY: THEORY, DARK MATTER, LARGE-SCALE STRUCTURE OF UNIVERSE, METHODS: ANALYTICAL AND NUMERICAL, Astrophysics},
         year = 1994,
        month = aug,
       volume = {288},
        pages = {349-364},
          doi = {10.48550/arXiv.astro-ph/9309056},
archivePrefix = {arXiv},
       eprint = {astro-ph/9309056},
 primaryClass = {astro-ph},
       adsurl = {https://ui.adsabs.harvard.edu/abs/1994A&A...288..349B},
      adsnote = {Provided by the SAO/NASA Astrophysics Data System}
}




@article{Maksimova_2021,
   title={<scp>AbacusSummit</scp>: a massive set of high-accuracy, high-resolution N-body simulations},
   volume={508},
   ISSN={1365-2966},
   url={http://dx.doi.org/10.1093/mnras/stab2484},
   DOI={10.1093/mnras/stab2484},
   number={3},
   journal={Monthly Notices of the Royal Astronomical Society},
   publisher={Oxford University Press (OUP)},
   author={Maksimova, Nina A and Garrison, Lehman H and Eisenstein, Daniel J and Hadzhiyska, Boryana and Bose, Sownak and Satterthwaite, Thomas P},
   year={2021},
   month=sep, pages={4017–4037} }
@book{Kolb:1990vq,
    author = "Kolb, Edward W.",
    title = "{The Early Universe}",
    reportNumber = "FERMILAB-BOOK-1990-01",
    doi = "10.1201/9780429492860",
    isbn = "978-0-429-49286-0, 978-0-201-62674-2",
    publisher = "Taylor and Francis",
    volume = "69",
    month = "5",
    year = "2019"
}
@article{Michaux_2020,
   title={Accurate initial conditions for cosmological N-body simulations: minimizing truncation and discreteness errors},
   volume={500},
   ISSN={1365-2966},
   url={http://dx.doi.org/10.1093/mnras/staa3149},
   DOI={10.1093/mnras/staa3149},
   number={1},
   journal={Monthly Notices of the Royal Astronomical Society},
   publisher={Oxford University Press (OUP)},
   author={Michaux, Michaël and Hahn, Oliver and Rampf, Cornelius and Angulo, Raul E},
   year={2020},
   month=nov, pages={663–683} }
@article{Sirko:2005uz,
    author = "Sirko, Edwin",
    title = "{Initial conditions to cosmological N-body simulations, or how to run an ensemble of simulations}",
    eprint = "astro-ph/0503106",
    archivePrefix = "arXiv",
    doi = "10.1086/497090",
    journal = "Astrophys. J.",
    volume = "634",
    pages = "728--743",
    year = "2005"
}
@BOOK{hock1981csup.book.....H,
       author = {{Hockney}, R.~W. and {Eastwood}, J.~W.},
        title = "{Computer Simulation Using Particles}",
         year = 1981,
       adsurl = {https://ui.adsabs.harvard.edu/abs/1981csup.book.....H},
      adsnote = {Provided by the SAO/NASA Astrophysics Data System}
}

@ARTICLE{barnes1986Natur.324..446B,
       author = {{Barnes}, Josh and {Hut}, Piet},
        title = "{A hierarchical O(N log N) force-calculation algorithm}",
      journal = {\nat},
     keywords = {Computational Astrophysics, Many Body Problem, Numerical Integration, Stellar Motions, Algorithms, Hierarchies, Physics (General)},
         year = 1986,
        month = dec,
       volume = {324},
       number = {6096},
        pages = {446-449},
          doi = {10.1038/324446a0},
       adsurl = {https://ui.adsabs.harvard.edu/abs/1986Natur.324..446B},
      adsnote = {Provided by the SAO/NASA Astrophysics Data System}
}


@ARTICLE{Springel2005Natur.435..629S,
       author = {{Springel}, Volker and {White}, Simon D.~M. and {Jenkins}, Adrian and {Frenk}, Carlos S. and {Yoshida}, Naoki and {Gao}, Liang and {Navarro}, Julio and {Thacker}, Robert and {Croton}, Darren and {Helly}, John and {Peacock}, John A. and {Cole}, Shaun and {Thomas}, Peter and {Couchman}, Hugh and {Evrard}, August and {Colberg}, J{\"o}rg and {Pearce}, Frazer},
        title = "{Simulations of the formation, evolution and clustering of galaxies and quasars}",
      journal = {\nat},
     keywords = {Astrophysics},
         year = 2005,
        month = jun,
       volume = {435},
       number = {7042},
        pages = {629-636},
          doi = {10.1038/nature03597},
archivePrefix = {arXiv},
       eprint = {astro-ph/0504097},
 primaryClass = {astro-ph},
       adsurl = {https://ui.adsabs.harvard.edu/abs/2005Natur.435..629S},
      adsnote = {Provided by the SAO/NASA Astrophysics Data System}
}

@inbook{Norman,
   title={Cluster turbulence},
   ISBN={9783540486671},
   url={http://dx.doi.org/10.1007/BFb0106425},
   DOI={10.1007/bfb0106425},
   booktitle={Lecture Notes in Physics},
   publisher={Springer Berlin Heidelberg},
   author={Norman, Michael L. and Bryan, Greg L.},
   pages={106–115} }


@article{Dehnen_2001,
   title={Towards optimal softening in three-dimensionalN-body codes - I. Minimizing the force error},
   volume={324},
   ISSN={1365-2966},
   url={http://dx.doi.org/10.1046/j.1365-8711.2001.04237.x},
   DOI={10.1046/j.1365-8711.2001.04237.x},
   number={2},
   journal={Monthly Notices of the Royal Astronomical Society},
   publisher={Oxford University Press (OUP)},
   author={Dehnen, Walter},
   year={2001},
   month=jun, pages={273–291} }


@ARTICLE{Trenti:2008,
AUTHOR = {Trenti, M.  and Hut, P. },
TITLE   = {{N}-body simulations (gravitational)},
YEAR    = {2008},
JOURNAL = {Scholarpedia},
VOLUME  = {3},
NUMBER  = {5},
PAGES   = {3930},
DOI     = {10.4249/scholarpedia.3930},
NOTE    = {revision \#91544}
}
@article{Wang_2015,
   title={nbody6++gpu: ready for the gravitational million-body problem},
   volume={450},
   ISSN={0035-8711},
   url={http://dx.doi.org/10.1093/mnras/stv817},
   DOI={10.1093/mnras/stv817},
   number={4},
   journal={Monthly Notices of the Royal Astronomical Society},
   publisher={Oxford University Press (OUP)},
   author={Wang, Long and Spurzem, Rainer and Aarseth, Sverre and Nitadori, Keigo and Berczik, Peter and Kouwenhoven, M. B. N. and Naab, Thorsten},
   year={2015},
   month=may, pages={4070–4080} }

@book{FFTPress2007,
  author    = {Press, William H. and Teukolsky, Saul A. and Vetterling, William T. and Flannery, Brian P.},
  title     = {Numerical Recipes: The Art of Scientific Computing},
  edition   = {3rd},
  publisher = {Cambridge University Press},
  year      = {2007},
  address   = {Cambridge, UK},
  chapters  = {12-13}
}

@article{CICBIRDSALL1997141,
title = {Clouds-in-Clouds, Clouds-in-Cells Physics for Many-Body Plasma Simulation},
journal = {Journal of Computational Physics},
volume = {135},
number = {2},
pages = {141-148},
year = {1997},
issn = {0021-9991},
doi = {https://doi.org/10.1006/jcph.1997.5723},
url = {https://www.sciencedirect.com/science/article/pii/S0021999197957235},
author = {Charles K. Birdsall and Dieter Fuss},
}


@misc{verde2008practicalguidebasicstatistical,
      title={A practical guide to Basic Statistical Techniques for Data Analysis in Cosmology}, 
      author={Licia Verde},
      year={2008},
      eprint={0712.3028},
      archivePrefix={arXiv},
      primaryClass={astro-ph},
      url={https://arxiv.org/abs/0712.3028}, 
}
@book{gnedenko1998theory,
  title={Theory of Probability},
  author={Gnedenko, B.V.},
  edition={6th},
  year={1998},
  publisher={Routledge},
  doi={10.1201/9780203718964},
  url={https://doi.org/10.1201/9780203718964}
}
@phdthesis{Karagiannis:2018gsr,
    author = "Karagiannis, Dionysios",
    title = "{The bispectrum of Large Scale Structures: modelling, prediction and estimation}",
    school = "U. Padua (main)",
    year = "2018"
}

@article{Jeong_2006,
   title={Perturbation Theory Reloaded: Analytical Calculation of Nonlinearity in Baryonic Oscillations in the Real‐Space Matter Power Spectrum},
   volume={651},
   ISSN={1538-4357},
   url={http://dx.doi.org/10.1086/507781},
   DOI={10.1086/507781},
   number={2},
   journal={The Astrophysical Journal},
   publisher={American Astronomical Society},
   author={Jeong, Donghui and Komatsu, Eiichiro},
   year={2006},
   month=nov, pages={619–626} }
@ARTICLE{FRY1984ApJ...279..499F,
       author = {{Fry}, J.~N.},
        title = "{The Galaxy correlation hierarchy in perturbation theory}",
      journal = {\apj},
     keywords = {Big Bang Cosmology, Galactic Clusters, Perturbation Theory, Universe, Astronomical Models, Correlation, Fourier Transformation, Functions (Mathematics), Hierarchies, Astrophysics},
         year = 1984,
        month = apr,
       volume = {279},
        pages = {499-510},
          doi = {10.1086/161913},
       adsurl = {https://ui.adsabs.harvard.edu/abs/1984ApJ...279..499F},
      adsnote = {Provided by the SAO/NASA Astrophysics Data System}
}
@ARTICLE{FRY1994ApJ...421...21F,
       author = {{Fry}, J.~N.},
        title = "{The Minimal Power Spectrum: Higher Order Contributions}",
      journal = {\apj},
     keywords = {Gravitation, Gravitation Theory, Perturbation Theory, Power Spectra, Amplitudes, Cosmology, Nonlinear Equations, Stability, Astrophysics, METHODS: NUMERICAL},
         year = 1994,
        month = jan,
       volume = {421},
        pages = {21},
          doi = {10.1086/173622},
       adsurl = {https://ui.adsabs.harvard.edu/abs/1994ApJ...421...21F},
      adsnote = {Provided by the SAO/NASA Astrophysics Data System}
}

@misc{meerburg2019primordialnongaussianity,
      title={Primordial Non-Gaussianity}, 
      author={P. Daniel Meerburg and Daniel Green and Muntazir Abidi and Mustafa A. Amin and Peter Adshead and Zeeshan Ahmed and David Alonso and Behzad Ansarinejad and Robert Armstrong and Santiago Avila and Carlo Baccigalupi and Tobias Baldauf and Mario Ballardini and Kevin Bandura and Nicola Bartolo and Nicholas Battaglia and Daniel Baumann and Chetan Bavdhankar and José Luis Bernal and Florian Beutler and Matteo Biagetti and Colin Bischoff and Jonathan Blazek and J. Richard Bond and Julian Borrill and François R. Bouchet and Philip Bull and Cliff Burgess and Christian Byrnes and Erminia Calabrese and John E. Carlstrom and Emanuele Castorina and Anthony Challinor and Tzu-Ching Chang and Jonas Chaves-Montero and Xingang Chen and Christophe Yeche and Asantha Cooray and William Coulton and Thomas Crawford and Elisa Chisari and Francis-Yan Cyr-Racine and Guido D'Amico and Paolo de Bernardis and Axel de la Macorra and Olivier Doré and Adri Duivenvoorden and Joanna Dunkley and Cora Dvorkin and Alexander Eggemeier and Stephanie Escoffier and Tom Essinger-Hileman and Matteo Fasiello and Simone Ferraro and Raphael Flauger and Andreu Font-Ribera and Simon Foreman and Oliver Friedrich and Juan Garcia-Bellido and Martina Gerbino and Vera Gluscevic and Garrett Goon and Krzysztof M. Gorski and Jon E. Gudmundsson and Nikhel Gupta and Shaul Hanany and Will Handley and Adam J. Hawken and J. Colin Hill and Christopher M. Hirata and Renée Hložek and Gilbert Holder and Dragan Huterer and Marc Kamionkowski and Kirit S. Karkare and Ryan E. Keeley and William Kinney and Theodore Kisner and Jean-Paul Kneib and Lloyd Knox and Savvas M. Koushiappas and Ely D. Kovetz and Kazuya Koyama and Benjamin L'Huillier and Ofer Lahav and Massimiliano Lattanzi and Hayden Lee and Michele Liguori and Marilena Loverde and Mathew Madhavacheril and Juan Maldacena and M. C. David Marsh and Kiyoshi Masui and Sabino Matarrese and Liam McAllister and Jeff McMahon and Matthew McQuinn and Joel Meyers and Mehrdad Mirbabayi and Azadeh Moradinezhad Dizgah and Pavel Motloch and Suvodip Mukherjee and Julian B. Muñoz and Adam D. Myers and Johanna Nagy and Pavel Naselsky and Federico Nati and Newburgh and Alberto Nicolis and Michael D. Niemack and Gustavo Niz and Andrei Nomerotski and Lyman Page and Enrico Pajer and Hamsa Padmanabhan and Gonzalo A. Palma and Hiranya V. Peiris and Will J. Percival and Francesco Piacentni and Guilherme L. Pimentel and Levon Pogosian and Chanda Prescod-Weinstein and Clement Pryke and Giuseppe Puglisi and Benjamin Racine and Radek Stompor and Marco Raveri and Mathieu Remazeilles and Gracca Rocha and Ashley J. Ross and Graziano Rossi and John Ruhl and Misao Sasaki and Emmanuel Schaan and Alessandro Schillaci and Marcel Schmittfull and Neelima Sehgal and Leonardo Senatore and Hee-Jong Seo and Huanyuan Shan and Sarah Shandera and Blake D. Sherwin and Eva Silverstein and Sara Simon and Anže Slosar and Suzanne Staggs and Glenn Starkman and Albert Stebbins and Aritoki Suzuki and Eric R. Switzer and Peter Timbie and Andrew J. Tolley and Maurizio Tomasi and Matthieu Tristram and Mark Trodden and Yu-Dai Tsai and Cora Uhlemann and Caterina Umilta and Alexander van Engelen and M. Vargas-Magaña and Abigail Vieregg and Benjamin Wallisch and David Wands and Benjamin Wandelt and Yi Wang and Scott Watson and Mark Wise and W. L. K. Wu and Zhong-Zhi Xianyu and Weishuang Xu and Siavash Yasini and Sam Young and Duan Yutong and Matias Zaldarriaga and Michael Zemcov and Gong-Bo Zhao and Yi Zheng and Ningfeng Zhu},
      year={2019},
      eprint={1903.04409},
      archivePrefix={arXiv},
      primaryClass={astro-ph.CO},
      url={https://arxiv.org/abs/1903.04409}, 
}

@ARTICLE{creminelli2006JCAP...05..004C,
       author = {{Creminelli}, Paolo and {Nicolis}, Alberto and {Senatore}, Leonardo and {Tegmark}, Max and {Zaldarriaga}, Matias},
        title = "{Limits on non-Gaussianities from WMAP data}",
      journal = {\jcap},
     keywords = {Astrophysics, High Energy Physics - Phenomenology, High Energy Physics - Theory},
         year = 2006,
        month = may,
       volume = {2006},
       number = {5},
          eid = {004},
        pages = {004},
          doi = {10.1088/1475-7516/2006/05/004},
archivePrefix = {arXiv},
       eprint = {astro-ph/0509029},
 primaryClass = {astro-ph},
       adsurl = {https://ui.adsabs.harvard.edu/abs/2006JCAP...05..004C},
      adsnote = {Provided by the SAO/NASA Astrophysics Data System}
}

@article{Chen_2007,
   title={Observational signatures and non-Gaussianities of general single-field inflation},
   volume={2007},
   ISSN={1475-7516},
   url={http://dx.doi.org/10.1088/1475-7516/2007/01/002},
   DOI={10.1088/1475-7516/2007/01/002},
   number={01},
   journal={Journal of Cosmology and Astroparticle Physics},
   publisher={IOP Publishing},
   author={Chen, Xingang and Huang, Min-xin and Kachru, Shamit and Shiu, Gary},
   year={2007},
   month=jan, pages={002–002} }
@article{Senatore_2010,
   title={Non-Gaussianities in single field inflation and their optimal limits from the WMAP 5-year data},
   volume={2010},
   ISSN={1475-7516},
   url={http://dx.doi.org/10.1088/1475-7516/2010/01/028},
   DOI={10.1088/1475-7516/2010/01/028},
   number={01},
   journal={Journal of Cosmology and Astroparticle Physics},
   publisher={IOP Publishing},
   author={Senatore, Leonardo and Smith, Kendrick M and Zaldarriaga, Matias},
   year={2010},
   month=jan, pages={028–028} }
@article{Byrnes_2010,
   title={Review of Local Non‐Gaussianity from Multifield Inflation},
   volume={2010},
   ISSN={1687-7977},
   url={http://dx.doi.org/10.1155/2010/724525},
   DOI={10.1155/2010/724525},
   number={1},
   journal={Advances in Astronomy},
   publisher={Wiley},
   author={Byrnes, Christian T. and Choi, Ki-Young},
   editor={Shandera, Sarah},
   year={2010},
   month=jan }





































































@article{Giusarma_2023,
   title={Learning Neutrino Effects in Cosmology with Convolutional Neural Network},
   volume={950},
   ISSN={1538-4357},
   url={http://dx.doi.org/10.3847/1538-4357/accd61},
   DOI={10.3847/1538-4357/accd61},
   number={1},
   journal={The Astrophysical Journal},
   publisher={American Astronomical Society},
   author={Giusarma, Elena and Reyes, Mauricio and Villaescusa-Navarro, Francisco and He, Siyu and Ho, Shirley and Hahn, ChangHoon},
   year={2023},
   month=jun, pages={70} }


@article{PLanck20182020,
   title={Planck2018 results: VI. Cosmological parameters},
   volume={641},
   ISSN={1432-0746},
   url={http://dx.doi.org/10.1051/0004-6361/201833910},
   DOI={10.1051/0004-6361/201833910},
   journal={Astronomy &amp; Astrophysics},
   publisher={EDP Sciences},
   author={Aghanim, N. and Akrami, Y. and Ashdown, M. and Aumont, J. and Baccigalupi, C. and Ballardini, M. and Banday, A. J. and Barreiro, R. B. and Bartolo, N. and Basak, S. and Battye, R. and Benabed, K. and Bernard, J.-P. and Bersanelli, M. and Bielewicz, P. and Bock, J. J. and Bond, J. R. and Borrill, J. and Bouchet, F. R. and Boulanger, F. and Bucher, M. and Burigana, C. and Butler, R. C. and Calabrese, E. and Cardoso, J.-F. and Carron, J. and Challinor, A. and Chiang, H. C. and Chluba, J. and Colombo, L. P. L. and Combet, C. and Contreras, D. and Crill, B. P. and Cuttaia, F. and de Bernardis, P. and de Zotti, G. and Delabrouille, J. and Delouis, J.-M. and Di Valentino, E. and Diego, J. M. and Doré, O. and Douspis, M. and Ducout, A. and Dupac, X. and Dusini, S. and Efstathiou, G. and Elsner, F. and Enßlin, T. A. and Eriksen, H. K. and Fantaye, Y. and Farhang, M. and Fergusson, J. and Fernandez-Cobos, R. and Finelli, F. and Forastieri, F. and Frailis, M. and Fraisse, A. A. and Franceschi, E. and Frolov, A. and Galeotta, S. and Galli, S. and Ganga, K. and Génova-Santos, R. T. and Gerbino, M. and Ghosh, T. and González-Nuevo, J. and Górski, K. M. and Gratton, S. and Gruppuso, A. and Gudmundsson, J. E. and Hamann, J. and Handley, W. and Hansen, F. K. and Herranz, D. and Hildebrandt, S. R. and Hivon, E. and Huang, Z. and Jaffe, A. H. and Jones, W. C. and Karakci, A. and Keihänen, E. and Keskitalo, R. and Kiiveri, K. and Kim, J. and Kisner, T. S. and Knox, L. and Krachmalnicoff, N. and Kunz, M. and Kurki-Suonio, H. and Lagache, G. and Lamarre, J.-M. and Lasenby, A. and Lattanzi, M. and Lawrence, C. R. and Le Jeune, M. and Lemos, P. and Lesgourgues, J. and Levrier, F. and Lewis, A. and Liguori, M. and Lilje, P. B. and Lilley, M. and Lindholm, V. and López-Caniego, M. and Lubin, P. M. and Ma, Y.-Z. and Macías-Pérez, J. F. and Maggio, G. and Maino, D. and Mandolesi, N. and Mangilli, A. and Marcos-Caballero, A. and Maris, M. and Martin, P. G. and Martinelli, M. and Martínez-González, E. and Matarrese, S. and Mauri, N. and McEwen, J. D. and Meinhold, P. R. and Melchiorri, A. and Mennella, A. and Migliaccio, M. and Millea, M. and Mitra, S. and Miville-Deschênes, M.-A. and Molinari, D. and Montier, L. and Morgante, G. and Moss, A. and Natoli, P. and Nørgaard-Nielsen, H. U. and Pagano, L. and Paoletti, D. and Partridge, B. and Patanchon, G. and Peiris, H. V. and Perrotta, F. and Pettorino, V. and Piacentini, F. and Polastri, L. and Polenta, G. and Puget, J.-L. and Rachen, J. P. and Reinecke, M. and Remazeilles, M. and Renzi, A. and Rocha, G. and Rosset, C. and Roudier, G. and Rubiño-Martín, J. A. and Ruiz-Granados, B. and Salvati, L. and Sandri, M. and Savelainen, M. and Scott, D. and Shellard, E. P. S. and Sirignano, C. and Sirri, G. and Spencer, L. D. and Sunyaev, R. and Suur-Uski, A.-S. and Tauber, J. A. and Tavagnacco, D. and Tenti, M. and Toffolatti, L. and Tomasi, M. and Trombetti, T. and Valenziano, L. and Valiviita, J. and Van Tent, B. and Vibert, L. and Vielva, P. and Villa, F. and Vittorio, N. and Wandelt, B. D. and Wehus, I. K. and White, M. and White, S. D. M. and Zacchei, A. and Zonca, A.},
   year={2020},
   month=sep, pages={A6} }
@misc{planckcollaboration2019planck2018resultsix,
      title={Planck 2018 results. IX. Constraints on primordial non-Gaussianity}, 
      author={PY. Akrami and F. Arroja and M. Ashdown and J. Aumont and C. Baccigalupi and M. Ballardini and A. J. Banday and R. B. Barreiro and N. Bartolo and S. Basak and K. Benabed and J. -P. Bernard and M. Bersanelli and P. Bielewicz and J. R. Bond and J. Borrill and F. R. Bouchet and M. Bucher and C. Burigana and R. C. Butler and E. Calabrese and J. -F. Cardoso and B. Casaponsa and A. Challinor and H. C. Chiang and L. P. L. Colombo and C. Combet and B. P. Crill and F. Cuttaia and P. de Bernardis and A. de Rosa and G. de Zotti and J. Delabrouille and J. -M. Delouis and E. Di Valentino and J. M. Diego and O. Doré and M. Douspis and A. Ducout and X. Dupac and S. Dusini and G. Efstathiou and F. Elsner and T. A. Enßlin and H. K. Eriksen and Y. Fantaye and J. Fergusson and R. Fernandez-Cobos and F. Finelli and M. Frailis and A. A. Fraisse and E. Franceschi and A. Frolov and S. Galeotta and K. Ganga and R. T. Génova-Santos and M. Gerbino and J. González-Nuevo and K. M. Górski and S. Gratton and A. Gruppuso and J. E. Gudmundsson and J. Hamann and W. Handley and F. K. Hansen and D. Herranz and E. Hivon and Z. Huang and A. H. Jaffe and W. C. Jones and G. Jung and E. Keihänen and R. Keskitalo and K. Kiiveri and J. Kim and N. Krachmalnicoff and M. Kunz and H. Kurki-Suonio and J. -M. Lamarre and A. Lasenby and M. Lattanzi and C. R. Lawrence and M. Le Jeune and F. Levrier and A. Lewis and M. Liguori and P. B. Lilje and V. Lindholm and M. López-Caniego and Y. -Z. Ma and J. F. Macías-Pérez and G. Maggio and D. Maino and N. Mandolesi and A. Marcos-Caballero and M. Maris and P. G. Martin and E. Martínez-González and S. Matarrese and N. Mauri and J. D. McEwen and P. D. Meerburg and P. R. Meinhold and A. Melchiorri and A. Mennella and M. Migliaccio and M. -A. Miville-Deschênes and D. Molinari and A. Moneti and L. Montier and G. Morgante and A. Moss and M. Münchmeyer and P. Natoli and F. Oppizzi and L. Pagano and D. Paoletti and B. Partridge and G. Patanchon and F. Perrotta and V. Pettorino and F. Piacentini and G. Polenta and J. -L. Puget and J. P. Rachen and B. Racine and M. Reinecke and M. Remazeilles and A. Renzi and G. Rocha and J. A. Rubiño-Martín and B. Ruiz-Granados and L. Salvati and M. Savelainen and D. Scott and E. P. S. Shellard and M. Shiraishi and C. Sirignano and G. Sirri and K. Smith and L. D. Spencer and L. Stanco and R. Sunyaev and A. -S. Suur-Uski and J. A. Tauber and D. Tavagnacco and M. Tenti and L. Toffolatti and M. Tomasi and T. Trombetti and J. Valiviita and B. Van Tent and P. Vielva and F. Villa and N. Vittorio and B. D. Wandelt and I. K. Wehus and A. Zacchei and A. Zonca},
      year={2019},
      eprint={1905.05697},
      archivePrefix={arXiv},
      primaryClass={astro-ph.CO},
      url={https://arxiv.org/abs/1905.05697}, 
}
@misc{EUCLID,
  title = {{Euclid}},
  howpublished = {\url{https://www.euclid-ec.org/}},
}

@misc{RubinObservatory,
  title = {{LSST}},
  howpublished = {\url{https://rubinobservatory.org/}},
}

@article{Alsing_2019,
   title={Fast likelihood-free cosmology with neural density estimators and active learning},
   ISSN={1365-2966},
   url={http://dx.doi.org/10.1093/mnras/stz1960},
   DOI={10.1093/mnras/stz1960},
   journal={Monthly Notices of the Royal Astronomical Society},
   publisher={Oxford University Press (OUP)},
   author={Alsing, Justin and Charnock, Tom and Feeney, Stephen and Wandelt, Benjamin},
   year={2019},
   month=jul }

@article{Charnock_2018,
   title={Automatic physical inference with information maximizing neural networks},
   volume={97},
   ISSN={2470-0029},
   url={http://dx.doi.org/10.1103/PhysRevD.97.083004},
   DOI={10.1103/physrevd.97.083004},
   number={8},
   journal={Physical Review D},
   publisher={American Physical Society (APS)},
   author={Charnock, Tom and Lavaux, Guilhem and Wandelt, Benjamin D.},
   year={2018},
   month=apr }
@article{Jung:2024esv,
    author = "Jung, Gabriel and Ravenni, Andrea and Liguori, Michele and Baldi, Marco and Coulton, William R. and Villaescusa-Navarro, Francisco and Wandelt, Benjamin D.",
    title = "{Quijote-PNG: Optimizing the summary statistics to measure Primordial non-Gaussianity}",
    eprint = "2403.00490",
    archivePrefix = "arXiv",
    primaryClass = "astro-ph.CO",
    month = "3",
    year = "2024"
}
@article{Crocce_2006,
   title={Transients from initial conditions in cosmological simulations},
   volume={373},
   ISSN={1365-2966},
   url={http://dx.doi.org/10.1111/j.1365-2966.2006.11040.x},
   DOI={10.1111/j.1365-2966.2006.11040.x},
   number={1},
   journal={Monthly Notices of the Royal Astronomical Society},
   publisher={Oxford University Press (OUP)},
   author={Crocce, M. and Pueblas, S. and Scoccimarro, R.},
   year={2006},
   month=nov, pages={369–381} }
@article{Scoccimarro_2012,
   title={Large-scale bias and efficient generation of initial conditions for nonlocal primordial non-Gaussianity},
   volume={85},
   ISSN={1550-2368},
   url={http://dx.doi.org/10.1103/PhysRevD.85.083002},
   DOI={10.1103/physrevd.85.083002},
   number={8},
   journal={Physical Review D},
   publisher={American Physical Society (APS)},
   author={Scoccimarro, Román and Hui, Lam and Manera, Marc and Chan, Kwan Chuen},
   year={2012},
   month=apr }

@article{Villaescusa_Navarro_2020,
   title={The Quijote Simulations},
   volume={250},
   ISSN={1538-4365},
   url={http://dx.doi.org/10.3847/1538-4365/ab9d82},
   DOI={10.3847/1538-4365/ab9d82},
   number={1},
   journal={The Astrophysical Journal Supplement Series},
   publisher={American Astronomical Society},
   author={Villaescusa-Navarro, Francisco and Hahn, ChangHoon and Massara, Elena and Banerjee, Arka and Delgado, Ana Maria and Ramanah, Doogesh Kodi and Charnock, Tom and Giusarma, Elena and Li, Yin and Allys, Erwan and Brochard, Antoine and Uhlemann, Cora and Chiang, Chi-Ting and He, Siyu and Pisani, Alice and Obuljen, Andrej and Feng, Yu and Castorina, Emanuele and Contardo, Gabriella and Kreisch, Christina D. and Nicola, Andrina and Alsing, Justin and Scoccimarro, Roman and Verde, Licia and Viel, Matteo and Ho, Shirley and Mallat, Stephane and Wandelt, Benjamin and Spergel, David N.},
   year={2020},
   month=aug, pages={2} }

@article{Coulton_2023,
   title={Quijote-PNG: Simulations of Primordial Non-Gaussianity and the Information Content of the Matter Field Power Spectrum and Bispectrum},
   volume={943},
   ISSN={1538-4357},
   url={http://dx.doi.org/10.3847/1538-4357/aca8a7},
   DOI={10.3847/1538-4357/aca8a7},
   number={1},
   journal={The Astrophysical Journal},
   publisher={American Astronomical Society},
   author={Coulton, William R and Villaescusa-Navarro, Francisco and Jamieson, Drew and Baldi, Marco and Jung, Gabriel and Karagiannis, Dionysios and Liguori, Michele and Verde, Licia and Wandelt, Benjamin D.},
   year={2023},
   month=jan, pages={64} }
@article{Springel_2005,
   title={The cosmological simulation code gadget-2},
   volume={364},
   ISSN={1365-2966},
   url={http://dx.doi.org/10.1111/j.1365-2966.2005.09655.x},
   DOI={10.1111/j.1365-2966.2005.09655.x},
   number={4},
   journal={Monthly Notices of the Royal Astronomical Society},
   publisher={Oxford University Press (OUP)},
   author={Springel, Volker},
   year={2005},
   month=dec, pages={1105–1134} }

@ARTICLE{FOFDavis1985ApJ...292..371D,
       author = {{Davis}, M. and {Efstathiou}, G. and {Frenk}, C.~S. and {White}, S.~D.~M.},
        title = "{The evolution of large-scale structure in a universe dominated by cold dark matter}",
      journal = {\apj},
     keywords = {Computational Astrophysics, Cosmology, Galactic Clusters, Galactic Evolution, Missing Mass (Astrophysics), Weak Interactions (Field Theory), Astronomical Models, Computerized Simulation, Correlation, Many Body Problem, Mass Distribution, Mass To Light Ratios, Matter (Physics), Radial Velocity, Red Shift, Astrophysics},
         year = 1985,
        month = may,
       volume = {292},
        pages = {371-394},
          doi = {10.1086/163168},
       adsurl = {https://ui.adsabs.harvard.edu/abs/1985ApJ...292..371D},
      adsnote = {Provided by the SAO/NASA Astrophysics Data System}
}

@article{Liguori:2010hx,
    author = "Liguori, Michele and Sefusatti, Emiliano and Fergusson, James R. and Shellard, E. P. S.",
    title = "{Primordial non-Gaussianity and Bispectrum Measurements in the Cosmic Microwave Background and Large-Scale Structure}",
    eprint = "1001.4707",
    archivePrefix = "arXiv",
    primaryClass = "astro-ph.CO",
    doi = "10.1155/2010/980523",
    journal = "Adv. Astron.",
    volume = "2010",
    pages = "980523",
    year = "2010"
}@article{Sefusatti_2007,
   title={Bispectrum of galaxies from high-redshift galaxy surveys: Primordial non-Gaussianity and nonlinear galaxy bias},
   volume={76},
   ISSN={1550-2368},
   url={http://dx.doi.org/10.1103/PhysRevD.76.083004},
   DOI={10.1103/physrevd.76.083004},
   number={8},
   journal={Physical Review D},
   publisher={American Physical Society (APS)},
   author={Sefusatti, Emiliano and Komatsu, Eiichiro},
   year={2007},
   month=oct }
@article{Scoccimarro_1997,
   title={Cosmological Perturbations: Entering the Nonlinear Regime},
   volume={487},
   ISSN={1538-4357},
   url={http://dx.doi.org/10.1086/304578},
   DOI={10.1086/304578},
   number={1},
   journal={The Astrophysical Journal},
   publisher={American Astronomical Society},
   author={Scoccimarro, Roman},
   year={1997},
   month=sep, pages={1–17} }
@article{Scoccimarro_1999,
   title={The Bispectrum as a Signature of Gravitational Instability in Redshift Space},
   volume={517},
   ISSN={1538-4357},
   url={http://dx.doi.org/10.1086/307220},
   DOI={10.1086/307220},
   number={2},
   journal={The Astrophysical Journal},
   publisher={American Astronomical Society},
   author={Scoccimarro, Roman and Couchman, H. M. P. and Frieman, Joshua A.},
   year={1999},
   month=jun, pages={531–540} }
@article{Sefusatti_2009,
   title={One-loop perturbative corrections to the matter and galaxy bispectrum with non-Gaussian initial conditions},
   volume={80},
   ISSN={1550-2368},
   url={http://dx.doi.org/10.1103/PhysRevD.80.123002},
   DOI={10.1103/physrevd.80.123002},
   number={12},
   journal={Physical Review D},
   publisher={American Physical Society (APS)},
   author={Sefusatti, Emiliano},
   year={2009},
   month=dec }
@article{Scoccimarro_2004,
   title={Probing primordial non-Gaussianity with large-scale structure},
   volume={69},
   ISSN={1550-2368},
   url={http://dx.doi.org/10.1103/PhysRevD.69.103513},
   DOI={10.1103/physrevd.69.103513},
   number={10},
   journal={Physical Review D},
   publisher={American Physical Society (APS)},
   author={Scoccimarro, Román and Sefusatti, Emiliano and Zaldarriaga, Matias},
   year={2004},
   month=may }



@article{COORAY_2002,
   title={Halo models of large scale structure},
   volume={372},
   ISSN={0370-1573},
   url={http://dx.doi.org/10.1016/S0370-1573(02)00276-4},
   DOI={10.1016/s0370-1573(02)00276-4},
   number={1},
   journal={Physics Reports},
   publisher={Elsevier BV},
   author={COORAY, A and SHETH, R},
   year={2002},
   month=dec, pages={1–129} }
@article{Philcox_2020,
   title={What does the marked power spectrum measure? Insights from perturbation theory},
   volume={102},
   ISSN={2470-0029},
   url={http://dx.doi.org/10.1103/PhysRevD.102.043516},
   DOI={10.1103/physrevd.102.043516},
   number={4},
   journal={Physical Review D},
   publisher={American Physical Society (APS)},
   author={Philcox, Oliver H. E. and Massara, Elena and Spergel, David N.},
   year={2020},
   month=aug }
@article{Rimes_2005,
   title={Information content of the non-linear matter power spectrum},
   volume={360},
   ISSN={1745-3925},
   url={http://dx.doi.org/10.1111/j.1745-3933.2005.00051.x},
   DOI={10.1111/j.1745-3933.2005.00051.x},
   number={1},
   journal={Monthly Notices of the Royal Astronomical Society: Letters},
   publisher={Oxford University Press (OUP)},
   author={Rimes, Christopher D. and Hamilton, Andrew J. S.},
   year={2005},
   month=jun, pages={L82–L86} }
@article{Balaguera_Antol_nez_2014,
   title={What can the spatial distribution of galaxy clusters tell about their scaling relations?},
   volume={563},
   ISSN={1432-0746},
   url={http://dx.doi.org/10.1051/0004-6361/201322029},
   DOI={10.1051/0004-6361/201322029},
   journal={Astronomy &amp; Astrophysics},
   publisher={EDP Sciences},
   author={Balaguera-Antolínez, Andrés},
   year={2014},
   month=mar, pages={A141} }
@ARTICLE{skibba2006MNRAS.369...68S,
       author = {{Skibba}, Ramin and {Sheth}, Ravi K. and {Connolly}, Andrew J. and {Scranton}, Ryan},
        title = "{The luminosity-weighted or `marked' correlation function}",
      journal = {\mnras},
     keywords = {methods: analytical: galaxies: formation: galaxies: haloes: dark matter: large-scale structure of Universe, methods: analytical, galaxies: formation, galaxies: haloes, dark matter, large-scale structure of Universe, Astrophysics},
         year = 2006,
        month = jun,
       volume = {369},
       number = {1},
        pages = {68-76},
          doi = {10.1111/j.1365-2966.2006.10196.x},
archivePrefix = {arXiv},
       eprint = {astro-ph/0512463},
 primaryClass = {astro-ph},
       adsurl = {https://ui.adsabs.harvard.edu/abs/2006MNRAS.369...68S},
      adsnote = {Provided by the SAO/NASA Astrophysics Data System}
}
@article{Beisbart_2000,
   title={Luminosity‐ and Morphology‐dependent Clustering of Galaxies},
   volume={545},
   ISSN={1538-4357},
   url={http://dx.doi.org/10.1086/317788},
   DOI={10.1086/317788},
   number={1},
   journal={The Astrophysical Journal},
   publisher={American Astronomical Society},
   author={Beisbart, Claus and Kerscher, Martin},
   year={2000},
   month=dec, pages={6–25} }
@article{Matarrese_2000,
   title={The Abundance of High‐Redshift Objects as a Probe of Non‐Gaussian Initial Conditions},
   volume={541},
   ISSN={1538-4357},
   url={http://dx.doi.org/10.1086/309412},
   DOI={10.1086/309412},
   number={1},
   journal={The Astrophysical Journal},
   publisher={American Astronomical Society},
   author={Matarrese, Sabino and Verde, Licia and Jimenez, Raul},
   year={2000},
   month=sep, pages={10–24} }
@article{Desjacques_2009,
   title={Scale-dependent bias induced by local non-Gaussianity: a comparison toN-body simulations},
   volume={396},
   ISSN={1365-2966},
   url={http://dx.doi.org/10.1111/j.1365-2966.2009.14721.x},
   DOI={10.1111/j.1365-2966.2009.14721.x},
   number={1},
   journal={Monthly Notices of the Royal Astronomical Society},
   publisher={Oxford University Press (OUP)},
   author={Desjacques, Vincent and Seljak, Uroš and Iliev, Ilian T.},
   year={2009},
   month=jun, pages={85–96} }

@article{Marulli_2011,
   title={Effects of massive neutrinos on the large-scale structure of the Universe: Neutrino effects on LSS},
   volume={418},
   ISSN={0035-8711},
   url={http://dx.doi.org/10.1111/j.1365-2966.2011.19488.x},
   DOI={10.1111/j.1365-2966.2011.19488.x},
   number={1},
   journal={Monthly Notices of the Royal Astronomical Society},
   publisher={Oxford University Press (OUP)},
   author={Marulli, Federico and Carbone, Carmelita and Viel, Matteo and Moscardini, Lauro and Cimatti, Andrea},
   year={2011},
   month=sep, pages={346–356} }
@article{Brandbyge_2010,
   title={Neutrinos in non-linear structure formation — the effect on halo properties},
   volume={2010},
   ISSN={1475-7516},
   url={http://dx.doi.org/10.1088/1475-7516/2010/09/014},
   DOI={10.1088/1475-7516/2010/09/014},
   number={09},
   journal={Journal of Cosmology and Astroparticle Physics},
   publisher={IOP Publishing},
   author={Brandbyge, Jacob and Hannestad, Steen and Haugbølle, Troels and Wong, Yvonne Y.Y},
   year={2010},
   month=sep, pages={014–014} }








































@article{QijoteVillaescusa_Navarro_2020,
   title={The Quijote Simulations},
   volume={250},
   ISSN={1538-4365},
   url={http://dx.doi.org/10.3847/1538-4365/ab9d82},
   DOI={10.3847/1538-4365/ab9d82},
   number={1},
   journal={The Astrophysical Journal Supplement Series},
   publisher={American Astronomical Society},
   author={Villaescusa-Navarro, Francisco and Hahn, ChangHoon and Massara, Elena and Banerjee, Arka and Delgado, Ana Maria and Ramanah, Doogesh Kodi and Charnock, Tom and Giusarma, Elena and Li, Yin and Allys, Erwan and Brochard, Antoine and Uhlemann, Cora and Chiang, Chi-Ting and He, Siyu and Pisani, Alice and Obuljen, Andrej and Feng, Yu and Castorina, Emanuele and Contardo, Gabriella and Kreisch, Christina D. and Nicola, Andrina and Alsing, Justin and Scoccimarro, Roman and Verde, Licia and Viel, Matteo and Ho, Shirley and Mallat, Stephane and Wandelt, Benjamin and Spergel, David N.},
   year={2020},
   month=aug, pages={2} }






@ARTICLE{1986ApJ...304...15B,
       author = {{Bardeen}, J.~M. and {Bond}, J.~R. and {Kaiser}, N. and {Szalay}, A.~S.},
        title = "{The Statistics of Peaks of Gaussian Random Fields}",
      journal = {\apj},
     keywords = {Cosmology, Density Distribution, Galactic Clusters, Galactic Evolution, Random Processes, Statistical Analysis, Density (Number/Volume), Mass Distribution, Mass To Light Ratios, Maxima, Missing Mass (Astrophysics), Probability Distribution Functions, Red Shift, Statistical Correlation, Velocity Distribution, Astrophysics, EARLY UNIVERSE, GALAXIES: CLUSTERING, GALAXIES: FORMATION},
         year = 1986,
        month = may,
       volume = {304},
        pages = {15},
          doi = {10.1086/164143},
       adsurl = {https://ui.adsabs.harvard.edu/abs/1986ApJ...304...15B},
      adsnote = {Provided by the SAO/NASA Astrophysics Data System}
}


@article{Klypin_2011,
   title={DARK MATTER HALOS IN THE STANDARD COSMOLOGICAL MODEL: RESULTS FROM THE BOLSHOI SIMULATION},
   volume={740},
   ISSN={1538-4357},
   url={http://dx.doi.org/10.1088/0004-637X/740/2/102},
   DOI={10.1088/0004-637x/740/2/102},
   number={2},
   journal={The Astrophysical Journal},
   publisher={American Astronomical Society},
   author={Klypin, Anatoly A. and Trujillo-Gomez, Sebastian and Primack, Joel},
   year={2011},
   month=oct, pages={102} }
@ARTICLE{springel2018MNRAS.475..676S,
       author = {{Springel}, Volker and {Pakmor}, R{\"u}diger and {Pillepich}, Annalisa and {Weinberger}, Rainer and {Nelson}, Dylan and {Hernquist}, Lars and {Vogelsberger}, Mark and {Genel}, Shy and {Torrey}, Paul and {Marinacci}, Federico and {Naiman}, Jill},
        title = "{First results from the IllustrisTNG simulations: matter and galaxy clustering}",
      journal = {\mnras},
     keywords = {methods: numerical, galaxy formation, large-scale structure of Universe, Astrophysics - Astrophysics of Galaxies, Astrophysics - Cosmology and Nongalactic Astrophysics},
         year = 2018,
        month = mar,
       volume = {475},
       number = {1},
        pages = {676-698},
          doi = {10.1093/mnras/stx3304},
archivePrefix = {arXiv},
       eprint = {1707.03397},
 primaryClass = {astro-ph.GA},
       adsurl = {https://ui.adsabs.harvard.edu/abs/2018MNRAS.475..676S},
      adsnote = {Provided by the SAO/NASA Astrophysics Data System}
}
@misc{krywonos2024cosmologicalmeasurementscmbbao,
      title={Cosmological measurements from the CMB and BAO are insensitive to the tail probability in the assumed likelihood}, 
      author={Jordan Krywonos and Simone Paradiso and Alex Krolewski and Shahab Joudaki and Will Percival},
      year={2024},
      eprint={2403.03799},
      archivePrefix={arXiv},
      primaryClass={astro-ph.CO},
      url={https://arxiv.org/abs/2403.03799}, 
}
@article{Akeret_2013,
   title={CosmoHammer: Cosmological parameter estimation with the MCMC Hammer},
   volume={2},
   ISSN={2213-1337},
   url={http://dx.doi.org/10.1016/j.ascom.2013.06.003},
   DOI={10.1016/j.ascom.2013.06.003},
   journal={Astronomy and Computing},
   publisher={Elsevier BV},
   author={Akeret, Joël and Seehars, Sebastian and Amara, Adam and Refregier, Alexandre and Csillaghy, André},
   year={2013},
   month=aug, pages={27–39} }
@misc{jeffrey2020solvinghighdimensionalparameterinference,
      title={Solving high-dimensional parameter inference: marginal posterior densities & Moment Networks}, 
      author={Niall Jeffrey and Benjamin D. Wandelt},
      year={2020},
      eprint={2011.05991},
      archivePrefix={arXiv},
      primaryClass={stat.ML},
      url={https://arxiv.org/abs/2011.05991}, 
}
@article{cranmer,
author = {Kyle Cranmer  and Johann Brehmer  and Gilles Louppe },
title = {The frontier of simulation-based inference},
journal = {Proceedings of the National Academy of Sciences},
volume = {117},
number = {48},
pages = {30055-30062},
year = {2020},
doi = {10.1073/pnas.1912789117},
URL = {https://www.pnas.org/doi/abs/10.1073/pnas.1912789117},
eprint = {https://www.pnas.org/doi/pdf/10.1073/pnas.1912789117},
}
@phdthesis{Papamakarios:2019ccu,
    author = "Papamakarios, George",
    title = "{Neural Density Estimation and Likelihood-free Inference}",
    eprint = "1910.13233",
    archivePrefix = "arXiv",
    primaryClass = "stat.ML",
    school = "Edinburgh U.",
    month = "4",
    year = "2019"
}
@misc{lueckmann2019likelihoodfreeinferenceemulatornetworks,
      title={Likelihood-free inference with emulator networks}, 
      author={Jan-Matthis Lueckmann and Giacomo Bassetto and Theofanis Karaletsos and Jakob H. Macke},
      year={2019},
      eprint={1805.09294},
      archivePrefix={arXiv},
      primaryClass={stat.ML},
      url={https://arxiv.org/abs/1805.09294}, 
}
@article{Alsing_2018,
   title={Massive optimal data compression and density estimation for scalable, likelihood-free inference in cosmology},
   volume={477},
   ISSN={1365-2966},
   url={http://dx.doi.org/10.1093/mnras/sty819},
   DOI={10.1093/mnras/sty819},
   number={3},
   journal={Monthly Notices of the Royal Astronomical Society},
   publisher={Oxford University Press (OUP)},
   author={Alsing, Justin and Wandelt, Benjamin and Feeney, Stephen},
   year={2018},
   month=mar, pages={2874–2885} }
@article{camelsVillaescusa_Navarro_2022,
   title={The CAMELS Multifield Data Set: Learning the Universe’s Fundamental Parameters with Artificial Intelligence},
   volume={259},
   ISSN={1538-4365},
   url={http://dx.doi.org/10.3847/1538-4365/ac5ab0},
   DOI={10.3847/1538-4365/ac5ab0},
   number={2},
   journal={The Astrophysical Journal Supplement Series},
   publisher={American Astronomical Society},
   author={Villaescusa-Navarro, Francisco and Genel, Shy and Anglés-Alcázar, Daniel and Thiele, Leander and Dave, Romeel and Narayanan, Desika and Nicola, Andrina and Li, Yin and Villanueva-Domingo, Pablo and Wandelt, Benjamin and Spergel, David N. and Somerville, Rachel S. and Zorrilla Matilla, Jose Manuel and Mohammad, Faizan G. and Hassan, Sultan and Shao, Helen and Wadekar, Digvijay and Eickenberg, Michael and Wong, Kaze W. K. and Contardo, Gabriella and Jo, Yongseok and Moser, Emily and Lau, Erwin T. and Machado Poletti Valle, Luis Fernando and Perez, Lucia A. and Nagai, Daisuke and Battaglia, Nicholas and Vogelsberger, Mark},
   year={2022},
   month=apr, pages={61} }
@misc{klambauer2017selfnormalizingneuralnetworks,
      title={Self-Normalizing Neural Networks}, 
      author={Günter Klambauer and Thomas Unterthiner and Andreas Mayr and Sepp Hochreiter},
      year={2017},
      eprint={1706.02515},
      archivePrefix={arXiv},
      primaryClass={cs.LG},
      url={https://arxiv.org/abs/1706.02515}, 
}
@misc{he2015deepresiduallearningimage,
      title={Deep Residual Learning for Image Recognition}, 
      author={Kaiming He and Xiangyu Zhang and Shaoqing Ren and Jian Sun},
      year={2015},
      eprint={1512.03385},
      archivePrefix={arXiv},
      primaryClass={cs.CV},
      url={https://arxiv.org/abs/1512.03385}, 
}
@article{JMLR:v15:srivastava14a,
  author  = {Nitish Srivastava and Geoffrey Hinton and Alex Krizhevsky and Ilya Sutskever and Ruslan Salakhutdinov},
  title   = {Dropout: A Simple Way to Prevent Neural Networks from Overfitting},
  journal = {Journal of Machine Learning Research},
  year    = {2014},
  volume  = {15},
  number  = {56},
  pages   = {1929--1958},
  url     = {http://jmlr.org/papers/v15/srivastava14a.html}
}
@misc{jung2024quijotepngoptimizingsummarystatistics,
      title={Quijote-PNG: Optimizing the summary statistics to measure Primordial non-Gaussianity}, 
      author={Gabriel Jung and Andrea Ravenni and Michele Liguori and Marco Baldi and William R. Coulton and Francisco Villaescusa-Navarro and Benjamin D. Wandelt},
      year={2024},
      eprint={2403.00490},
      archivePrefix={arXiv},
      primaryClass={astro-ph.CO},
      url={https://arxiv.org/abs/2403.00490}, 
}
@misc{kingma2017adammethodstochasticoptimization,
      title={Adam: A Method for Stochastic Optimization}, 
      author={Diederik P. Kingma and Jimmy Ba},
      year={2017},
      eprint={1412.6980},
      archivePrefix={arXiv},
      primaryClass={cs.LG},
      url={https://arxiv.org/abs/1412.6980}, 
}
@misc{smith2017cyclicallearningratestraining,
      title={Cyclical Learning Rates for Training Neural Networks}, 
      author={Leslie N. Smith},
      year={2017},
      eprint={1506.01186},
      archivePrefix={arXiv},
      primaryClass={cs.CV},
      url={https://arxiv.org/abs/1506.01186}, 
}
@misc{omalley2019kerastuner,
	title        = {KerasTuner},
	author       = {O'Malley, Tom and Bursztein, Elie and Long, James and Chollet, Fran\c{c}ois and Jin, Haifeng and Invernizzi, Luca and others},
	year         = 2019,
	howpublished = {\url{https://github.com/keras-team/keras-tuner}}
}
@ARTICLE{feldman1994ApJ...426...23F,
       author = {{Feldman}, Hume A. and {Kaiser}, Nick and {Peacock}, John A.},
        title = "{Power-Spectrum Analysis of Three-dimensional Redshift Surveys}",
      journal = {\apj},
     keywords = {Astronomical Models, Cosmology, Dark Matter, Normal Density Functions, Power Spectra, Red Shift, Sky Surveys (Astronomy), Three Dimensional Models, Fourier Transformation, Infrared Astronomy Satellite, Stochastic Processes, Weighting Functions, Astrophysics, COSMOLOGY: THEORY, GALAXIES: DISTANCES AND REDSHIFTS, INFRARED: GALAXIES, METHODS: STATISTICAL, SURVEYS, Astrophysics},
         year = 1994,
        month = may,
       volume = {426},
        pages = {23},
          doi = {10.1086/174036},
archivePrefix = {arXiv},
       eprint = {astro-ph/9304022},
 primaryClass = {astro-ph},
       adsurl = {https://ui.adsabs.harvard.edu/abs/1994ApJ...426...23F},
      adsnote = {Provided by the SAO/NASA Astrophysics Data System}
}

@article{Massara_2023,
   title={Cosmological Information in the Marked Power Spectrum of the Galaxy Field},
   volume={951},
   ISSN={1538-4357},
   url={http://dx.doi.org/10.3847/1538-4357/acd44d},
   DOI={10.3847/1538-4357/acd44d},
   number={1},
   journal={The Astrophysical Journal},
   publisher={American Astronomical Society},
   author={Massara, Elena and Villaescusa-Navarro, Francisco and Hahn, ChangHoon and Abidi, Muntazir M. and Eickenberg, Michael and Ho, Shirley and Lemos, Pablo and Dizgah, Azadeh Moradinezhad and Blancard, Bruno Régaldo-Saint},
   year={2023},
   month=jul, pages={70} }
@article{Massara_2021,
   title={Using the Marked Power Spectrum to Detect the Signature of Neutrinos in Large-Scale Structure},
   volume={126},
   ISSN={1079-7114},
   url={http://dx.doi.org/10.1103/PhysRevLett.126.011301},
   DOI={10.1103/physrevlett.126.011301},
   number={1},
   journal={Physical Review Letters},
   publisher={American Physical Society (APS)},
   author={Massara, Elena and Villaescusa-Navarro, Francisco and Ho, Shirley and Dalal, Neal and Spergel, David N.},
   year={2021},
   month=jan }
@article{Jung_2023,
   title={Quijote-PNG: Quasi-maximum Likelihood Estimation of Primordial Non-Gaussianity in the Nonlinear Halo Density Field},
   volume={948},
   ISSN={1538-4357},
   url={http://dx.doi.org/10.3847/1538-4357/acc4bd},
   DOI={10.3847/1538-4357/acc4bd},
   number={2},
   journal={The Astrophysical Journal},
   publisher={American Astronomical Society},
   author={Jung, Gabriel and Karagiannis, Dionysios and Liguori, Michele and Baldi, Marco and Coulton, William R. and Jamieson, Drew and Verde, Licia and Villaescusa-Navarro, Francisco and Wandelt, Benjamin D.},
   year={2023},
   month=may, pages={135} }
@article{Fergusson_2012,
   title={Rapid separable analysis of higher order correlators in large-scale structure},
   volume={86},
   ISSN={1550-2368},
   url={http://dx.doi.org/10.1103/PhysRevD.86.063511},
   DOI={10.1103/physrevd.86.063511},
   number={6},
   journal={Physical Review D},
   publisher={American Physical Society (APS)},
   author={Fergusson, J. R. and Regan, D. M. and Shellard, E. P. S.},
   year={2012},
   month=sep }
@article{Komatsu_2005,
   title={Measuring Primordial Non‐Gaussianity in the Cosmic Microwave Background},
   volume={634},
   ISSN={1538-4357},
   url={http://dx.doi.org/10.1086/491724},
   DOI={10.1086/491724},
   number={1},
   journal={The Astrophysical Journal},
   publisher={American Astronomical Society},
   author={Komatsu, E. and Spergel, D. N. and Wandelt, B. D.},
   year={2005},
   month=nov, pages={14–19} }
@article{Jung_2022,
   title={Quijote-PNG: Quasi-maximum Likelihood Estimation of Primordial Non-Gaussianity in the Nonlinear Dark Matter Density Field},
   volume={940},
   ISSN={1538-4357},
   url={http://dx.doi.org/10.3847/1538-4357/ac9837},
   DOI={10.3847/1538-4357/ac9837},
   number={1},
   journal={The Astrophysical Journal},
   publisher={American Astronomical Society},
   author={Jung, Gabriel and Karagiannis, Dionysios and Liguori, Michele and Baldi, Marco and Coulton, William R. and Jamieson, Drew and Verde, Licia and Villaescusa-Navarro, Francisco and Wandelt, Benjamin D.},
   year={2022},
   month=nov, pages={71} }
@ARTICLE{press1974ApJ...187..425P,
       author = {{Press}, William H. and {Schechter}, Paul},
        title = "{Formation of Galaxies and Clusters of Galaxies by Self-Similar Gravitational Condensation}",
      journal = {\apj},
         year = 1974,
        month = feb,
       volume = {187},
        pages = {425-438},
          doi = {10.1086/152650},
       adsurl = {https://ui.adsabs.harvard.edu/abs/1974ApJ...187..425P},
      adsnote = {Provided by the SAO/NASA Astrophysics Data System}
}
@article{Sheth_1999,
   title={Large-scale bias and the peak background split},
   volume={308},
   ISSN={1365-2966},
   url={http://dx.doi.org/10.1046/j.1365-8711.1999.02692.x},
   DOI={10.1046/j.1365-8711.1999.02692.x},
   number={1},
   journal={Monthly Notices of the Royal Astronomical Society},
   publisher={Oxford University Press (OUP)},
   author={Sheth, Ravi K. and Tormen, Giuseppe},
   year={1999},
   month=sep, pages={119–126} }
@ARTICLE{Bond1991ApJ...379..440B,
       author = {{Bond}, J.~R. and {Cole}, S. and {Efstathiou}, G. and {Kaiser}, N.},
        title = "{Excursion Set Mass Functions for Hierarchical Gaussian Fluctuations}",
      journal = {\apj},
     keywords = {Computational Astrophysics, Gauss Equation, Dark Matter, Density Distribution, Many Body Problem, Mass Distribution, Monte Carlo Method, Astrophysics, COSMOLOGY, GALAXIES: CLUSTERING, NUMERICAL METHODS},
         year = 1991,
        month = oct,
       volume = {379},
        pages = {440},
          doi = {10.1086/170520},
       adsurl = {https://ui.adsabs.harvard.edu/abs/1991ApJ...379..440B},
      adsnote = {Provided by the SAO/NASA Astrophysics Data System}
}
@article{Bayer_2021,
   title={Detecting Neutrino Mass by Combining Matter Clustering, Halos, and Voids},
   volume={919},
   ISSN={1538-4357},
   url={http://dx.doi.org/10.3847/1538-4357/ac0e91},
   DOI={10.3847/1538-4357/ac0e91},
   number={1},
   journal={The Astrophysical Journal},
   publisher={American Astronomical Society},
   author={Bayer, Adrian E. and Villaescusa-Navarro, Francisco and Massara, Elena and Liu, Jia and Spergel, David N. and Verde, Licia and Wandelt, Benjamin D. and Viel, Matteo and Ho, Shirley},
   year={2021},
   month=sep, pages={24} }



@article{Jung_2023b,
   title={Quijote-PNG: The Information Content of the Halo Mass Function},
   volume={957},
   ISSN={1538-4357},
   url={http://dx.doi.org/10.3847/1538-4357/acfe70},
   DOI={10.3847/1538-4357/acfe70},
   number={1},
   journal={The Astrophysical Journal},
   publisher={American Astronomical Society},
   author={Jung, Gabriel and Ravenni, Andrea and Baldi, Marco and Coulton, William R and Jamieson, Drew and Karagiannis, Dionysios and Liguori, Michele and Shao, Helen and Verde, Licia and Villaescusa-Navarro, Francisco and Wandelt, Benjamin D.},
   year={2023},
   month=oct, pages={50} }
